@article{RN427,
   title = {Microstructural and mechanical properties of double-sided {MIG}, {TIG} and friction stir welded 5083-{H}321 aluminium alloy},
   type = {Journal Article}
}

@inbook{RN2269,
   title = {{Ni-Cr-Mo} Steels: 4340},
   booktitle = {Atlas of Isothermal Transformation and Cooling Transformation Diagrams},
   publisher = {American Society for Metals},
   address = {Materials Park, OH},
   pages = {181},
   year = {1977},
   type = {Book Section}
}

@inbook{RN2268,
   title = {Classification and Designation of Carbon and Low-Alloy Steels},
   booktitle = {ASM Handbook},
   editor = {Davis, Joseph R.},
   publisher = {ASM International},
   address = {Materials Park, OH},
   volume = {Volume 1 Properties and Selection: Irons, Steels, and High-Performance Alloys},
   pages = {140-194},
   year = {1990},
   type = {Book Section}
}

@book{RN707,
   title = {Steels: Microstructure and Properties},
   publisher = {Elsevier},
   address = {Cambridge, MA},
   edition = {4},
   year = {2017},
   type = {Book}
}

@article{RN1347,
   author = {Ajdelsztajn, Leonardo and Jodoin, Bertrand and Kim, George E and Schoenung, Julie M},
   title = {Cold Spray Deposition of Nanocrystalline Aluminum Alloys},
   journal = {Metallurgical and Materials Transactions A},
   volume = {36},
   pages = {657-666},
   year = {2005},
   type = {Journal Article}
}

@article{RN3409,
   author = {Ajdelsztajn, L. and Jodoin, B. and Schoenung, J. M.},
   title = {Synthesis and mechanical properties of nanocrystalline {Ni} coatings produced by cold gas dynamic spraying},
   journal = {Surface and Coatings Technology},
   volume = {201},
   number = {3-4},
   pages = {1166-1172},
   ISSN = {02578972},
   DOI = {10.1016/j.surfcoat.2006.01.037},
   year = {2006},
   type = {Journal Article}
}

@article{RN1296,
   author = {Ajdelsztajn, L. and Zúñiga, A. and Jodoin, B. and Lavernia, E. J.},
   title = {Cold gas dynamic spraying of a high temperature {Al} alloy},
   journal = {Surface and Coatings Technology},
   volume = {201},
   number = {6},
   pages = {2109-2116},
   ISSN = {02578972},
   DOI = {10.1016/j.surfcoat.2005.06.001},
   year = {2006},
   type = {Journal Article}
}

@article{RN3382,
   author = {Akbarpour, M.R. and Nematzdeh, F. and Hasemi Amiri, S.E. and Rezaii, H.},
   title = {Effect of Intercritical Heat Treatment for Long Times on the Mechanical Properties of {AISI} 4340 Steel},
   journal = {Materials Science-Poland},
   volume = {28},
   number = {2},
   pages = {401-412},
   year = {2010},
   type = {Journal Article}
}

@article{RN1367,
   author = {Alamo, A. and Lambard, V. and Averty, X. and Mathon, M. H.},
   title = {Assessment of {ODS}-14$\%${Cr} ferritic alloy for high temperature applications},
   journal = {Journal of Nuclear Materials},
   volume = {329-333},
   pages = {333-337},
   ISSN = {00223115},
   DOI = {10.1016/j.jnucmat.2004.05.004},
   year = {2004},
   type = {Journal Article}
}

@article{RN796,
   author = {Al-Hamdani, Kamaal S. and Murray, James W. and Hussain, Tanvir and Clare, Adam T.},
   title = {Heat-treatment and mechanical properties of cold-sprayed high strength {Al} alloys from satellited feedstocks},
   journal = {Surface and Coatings Technology},
   volume = {374},
   pages = {21-31},
   ISSN = {02578972},
   DOI = {10.1016/j.surfcoat.2019.05.043},
   year = {2019},
   type = {Journal Article}
}

@article{RN913,
   author = {Alinger, M. J. and Odette, G. R. and Lucas, G. E.},
   title = {Tensile and fracture toughness properties of {MA}957 implications to the development of nanocomposited ferritic alloys},
   journal = {Journal of Nuclear Materials},
   volume = {307-311},
   pages = {484-489},
   year = {2002},
   type = {Journal Article}
}

@article{RN1403,
   title = {Patent 5,302,414},
   volume = {781233},
   year = {1994},
   type = {Patent}
}

@article{RN155,
   author = {Al-Mangour, B. and Dallala, R. and Zhim, F. and Mongrain, R. and Yue, S.},
   title = {Fatigue behavior of annealed cold-sprayed 316{L} stainless steel coating for biomedical applications},
   journal = {Materials Letters},
   volume = {91},
   pages = {352-355},
   ISSN = {0167577X},
   DOI = {10.1016/j.matlet.2012.10.030},
   year = {2013},
   type = {Journal Article}
}

@article{RN179,
   author = {Al-Mangour, Bandar and Mongrain, Rosaire and Irissou, Eric and Yue, Stephen},
   title = {Improving the strength and corrosion resistance of 316{L} stainless steel for biomedical applications using cold spray},
   journal = {Surface and Coatings Technology},
   volume = {216},
   pages = {297-307},
   ISSN = {02578972},
   DOI = {10.1016/j.surfcoat.2012.11.061},
   year = {2013},
   type = {Journal Article}
}

@article{RN451,
   author = {Al-Mangour, Bandar and Vo, Phuong and Mongrain, Rosaire and Irissou, Eric and Yue, Stephen},
   title = {Effect of Heat Treatment on the Microstructure and Mechanical Properties of Stainless Steel 316{L} Coatings Produced by Cold Spray for Biomedical Applications},
   journal = {Journal of Thermal Spray Technology},
   volume = {23},
   number = {4},
   pages = {641-652},
   ISSN = {1059-9630
1544-1016},
   DOI = {10.1007/s11666-013-0053-2},
   year = {2014},
   type = {Journal Article}
}

@article{RN3402,
   author = {Assadi, H. and Gärtner, F. and Klassen, T. and Kreye, H.},
   title = {Comment on ‘Adiabatic shear instability is not necessary for adhesion in cold spray’},
   journal = {Scripta Materialia},
   volume = {162},
   pages = {512-514},
   ISSN = {13596462},
   DOI = {10.1016/j.scriptamat.2018.10.036},
   year = {2019},
   type = {Journal Article}
}

@article{RN1687,
   author = {Assadi, Hamid and Gärtner, Frank and Stoltenhoff, Thorsten and Kreye, Heinrich},
   title = {Bonding mechanism in cold gas spraying},
   journal = {Acta Materialia},
   volume = {51},
   number = {15},
   pages = {4379-4394},
   ISSN = {13596454},
   DOI = {10.1016/s1359-6454(03)00274-x},
   year = {2003},
   type = {Journal Article}
}

@article{RN3437,
   author = {Aydın, Kemal and Kaya, Yakup and Kahraman, Nizamettin},
   title = {Experimental study of diffusion welding/bonding of titanium to copper},
   journal = {Materials $\&$ Design},
   volume = {37},
   pages = {356-368},
   ISSN = {02613069},
   DOI = {10.1016/j.matdes.2012.01.026},
   year = {2012},
   type = {Journal Article}
}

@article{RN353,
   author = {Aydogan, E. and Weaver, J. S. and Carvajal-Nunez, U. and Schneider, M. M. and Gigax, J. G. and Krumwiede, D. L. and Hosemann, P. and Saleh, T. A. and Mara, N. A. and Hoelzer, D. T. and Hilton, B. and Maloy, S. A.},
   title = {Response of 14{YWT} alloys under neutron irradiation: A complementary study on microstructure and mechanical properties},
   journal = {Acta Materialia},
   volume = {167},
   pages = {181-196},
   ISSN = {13596454},
   DOI = {10.1016/j.actamat.2019.01.041},
   year = {2019},
   type = {Journal Article}
}

@article{RN2603,
   author = {Baik, Sung-Il and Rawlings, Michael J. S. and Dunand, David C.},
   title = {Atom probe tomography study of{ Fe-Ni-Al-Cr-Ti} ferritic steels with hierarchically-structured precipitates},
   journal = {Acta Materialia},
   volume = {144},
   pages = {707-715},
   ISSN = {13596454},
   DOI = {10.1016/j.actamat.2017.11.013},
   year = {2018},
   type = {Journal Article}
}

@article{RN1399,
   author = {Bailey, Neil S. and Tan, Wenda and Shin, Yung C.},
   title = {Predictive modeling and experimental results for residual stresses in laser hardening of {AISI} 4140 steel by a high power diode laser},
   journal = {Surface and Coatings Technology},
   volume = {203},
   number = {14},
   pages = {2003-2012},
   ISSN = {02578972},
   DOI = {10.1016/j.surfcoat.2009.01.039},
   year = {2009},
   type = {Journal Article}
}

@phdthesis{RN713,
   author = {Baker, Bradford W.},
   title = {Processing, microstructure, and material property relationships following friction stir welding of oxide dispersion strengthened steels},
   university = {Naval Postgraduate School},
   year = {2013},
   type = {Thesis}
}

@article{RN926,
   author = {Baker, B. W. and Brewer, L. N.},
   title = {Joining of Oxide Dispersion Strengthened Steels for Advanced Reactors},
   journal = {Jom},
   volume = {66},
   number = {12},
   pages = {2442-2457},
   ISSN = {1047-4838
1543-1851},
   DOI = {10.1007/s11837-014-1206-6},
   year = {2014},
   type = {Journal Article}
}

@inproceedings{RN3412,
   author = {Baker, B. W. and Brewer, L. N. and Menon, E. S. K. and McNelley, T. R. and El-Dasher, B. and Torres, S. and Farmer, J. C. and Mahoney, M. W. and Sanderson, S.},
   title = {Influence of Heat Input on Friction Stir Welding for the {ODS} Steel {MA956}},
   booktitle = {TMS 2013 142nd Annual Meeting $\&$ Exhibition},
   editor = {Mishra, Rajiv and Mahoney, Murray W. and Sato, Yutaka and Hovanski, Yuri and Verma, Ravi},
   publisher = {The Minerals Metals $\&$ Materials Society},
   pages = {127-138},
   type = {Conference Proceedings}
}

@article{RN252,
   author = {Baker, B. W. and McNelley, T. R. and Brewer, L. N.},
   title = {Grain size and particle dispersion effects on the tensile behavior of friction stir welded {MA}956 oxide dispersion strengthened steel from low to elevated temperatures},
   journal = {Materials Science and Engineering: A},
   volume = {589},
   pages = {217-227},
   ISSN = {09215093},
   DOI = {10.1016/j.msea.2013.09.092},
   year = {2014},
   type = {Journal Article}
}

@article{RN1253,
   author = {Baker, Bradford W. and Menon, E. Sarath K. and McNelley, Terry R. and Brewer, Luke N. and El-Dasher, Bassem and Farmer, Joseph C. and Torres, Sharon G. and Mahoney, Murray W. and Sanderson, Samuel},
   title = {Processing-Microstructure Relationships in Friction Stir Welding of {MA}956 Oxide Dispersion Strengthened Steel},
   journal = {Metallurgical and Materials Transactions E},
   volume = {1},
   number = {4},
   pages = {318-330},
   ISSN = {2196-2936
2196-2944},
   DOI = {10.1007/s40553-014-0033-6},
   year = {2014},
   type = {Journal Article}
}

@article{RN3436,
   title = {Patent 3052124},
   year = {1962},
}

@article{RN1023,
   author = {Barton, D. J. and Hornbuckle, B. C. and Darling, K. A. and Thompson, G. B.},
   title = {The Influence of Isoconcentration Surface Selection in Quantitative Outputs from Proximity Histograms},
   journal = {Microscopy and Microanalysis},
   volume = {25},
   number = {2},
   pages = {401-409},
   ISSN = {1435-8115 (Electronic)
1431-9276 (Linking)},
   DOI = {10.1017/S143192761900014X},
   url = {https://www.ncbi.nlm.nih.gov/pubmed/30829180},
   year = {2019},
   type = {Journal Article}
}

@article{RN267,
   author = {Barton, Dallin J. and Kale, Chaitanya and Hornbuckle, B. Chad and Darling, Kristopher A. and Solanki, Kiran N. and Thompson, Gregory B.},
   title = {Microstructure and dynamic strain aging behavior in oxide dispersion strengthened 91{F}e-8{N}i-1{Z}r (at$\%$) alloy},
   journal = {Materials Science and Engineering: A},
   volume = {725},
   pages = {503-509},
   ISSN = {09215093},
   DOI = {10.1016/j.msea.2018.04.016},
   year = {2018},
   type = {Journal Article}
}

@phdthesis{RN1384,
   author = {Bergström, David},
   title = {The Absorption of Laser Light by Rough Metal Surfaces},
   university = {Luleå University of Technology},
   year = {2008},
   type = {Thesis}
}

@inbook{RN691,
   author = {Bhadeshia, Harshad and Honeycombe, Robert},
   title = {Formation of Martensite},
   booktitle = {Steels: Microstructure and Properties},
   pages = {135-177},
   ISBN = {9780081002704},
   DOI = {10.1016/b978-0-08-100270-4.00005-6},
   year = {2017},
   type = {Book Section}
}

@article{RN461,
   author = {Bhattiprolu, Venkata Satish and Johnson, Kyle W. and Crawford, Grant A.},
   title = {Influence of Powder Microstructure on the Microstructural Evolution of As-Sprayed and Heat Treated Cold-Sprayed {T}i-6{A}l-4{V} Coatings},
   journal = {Journal of Thermal Spray Technology},
   volume = {28},
   number = {1-2},
   pages = {174-188},
   ISSN = {1059-9630
1544-1016},
   DOI = {10.1007/s11666-018-0812-1},
   year = {2018},
   type = {Journal Article}
}

@article{RN2281,
   author = {Bhattiprolu, Venkata Satish and Johnson, Kyle W. and Ozdemir, Ozan C. and Crawford, Grant A.},
   title = {Influence of feedstock powder and cold spray processing parameters on microstructure and mechanical properties of {T}i-6{A}l-4{V} cold spray depositions},
   journal = {Surface and Coatings Technology},
   volume = {335},
   pages = {1-12},
   ISSN = {02578972},
   DOI = {10.1016/j.surfcoat.2017.12.014},
   year = {2018},
   type = {Journal Article}
}

@article{RN3377,
   author = {Borki and El, Ouafi and Chebak},
   title = {Experimental Investigation of Laser Surface Transformation Hardening of 4340 Steel Spur Gears},
   journal = {Journal of Manufacturing and Materials Processing},
   volume = {3},
   number = {3},
   ISSN = {2504-4494},
   DOI = {10.3390/jmmp3030072},
   year = {2019},
   type = {Journal Article}
}

@article{RN337,
   author = {Brandes, M. C. and Kovarik, L. and Miller, M. K. and Daehn, G. S. and Mills, M. J.},
   title = {Creep behavior and deformation mechanisms in a nanocluster strengthened ferritic steel},
   journal = {Acta Materialia},
   volume = {60},
   number = {4},
   pages = {1827-1839},
   ISSN = {13596454},
   DOI = {10.1016/j.actamat.2011.11.057},
   year = {2012},
   type = {Journal Article}
}

@article{RN173,
   author = {Bray, Matthew and Cockburn, Andrew and O'Neill, William},
   title = {The Laser-assisted Cold Spray process and deposit characterisation},
   journal = {Surface and Coatings Technology},
   volume = {203},
   number = {19},
   pages = {2851-2857},
   ISSN = {02578972},
   DOI = {10.1016/j.surfcoat.2009.02.135},
   year = {2009},
   type = {Journal Article}
}

@article{RN1400,
   author = {Brewer, L. N. and Bennett, M. S. and Baker, B. W. and Payzant, E. A. and Sochalski-Kolbus, L. M.},
   title = {Characterization of residual stress as a function of friction stir welding parameters in oxide dispersion strengthened {(ODS)} steel {MA}956},
   journal = {Materials Science and Engineering: A},
   volume = {647},
   pages = {313-321},
   ISSN = {09215093},
   DOI = {10.1016/j.msea.2015.09.020},
   year = {2015},
   type = {Journal Article}
}

@article{RN670,
   author = {Brewer, Luke N. and Liu, Tian and Leazer, Jeremy D. and Schiel, J. F. and Menon, E. S. K.},
   title = {Visualizing and Quantifying Deformation Microstructures in Cold Sprayed Materials},
   journal = {Microscopy and Microanalysis},
   volume = {24},
   number = {S1},
   pages = {2174-2175},
   ISSN = {1431-9276
1435-8115},
   DOI = {10.1017/s1431927618011352},
   year = {2018},
   type = {Journal Article}
}

@article{RN1373,
   author = {Brewer, L. N. and Schiel, J. F. and Menon, E. S. K. and Woo, D. J.},
   title = {The connections between powder variability and coating microstructures for cold spray deposition of austenitic stainless steel},
   journal = {Surface and Coatings Technology},
   volume = {334},
   pages = {50-60},
   ISSN = {02578972},
   DOI = {10.1016/j.surfcoat.2017.10.082},
   year = {2018},
   type = {Journal Article}
}

@article{RN737,
   author = {Brocq, M. and Radiguet, B. and Poissonnet, S. and Cuvilly, F. and Pareige, P. and Legendre, F.},
   title = {Nanoscale characterization and formation mechanism of nanoclusters in an {ODS} steel elaborated by reactive-inspired ball-milling and annealing},
   journal = {Journal of Nuclear Materials},
   volume = {409},
   number = {2},
   pages = {80-85},
   ISSN = {00223115},
   DOI = {10.1016/j.jnucmat.2010.09.011},
   year = {2011},
   type = {Journal Article}
}

@techreport{RN1427,
   author = {Cammett, John T. and Prevey, Paul S.},
   title = {Fatigue Strength Restoration in Corrosion Pitted 4340 Alloy Steel Via Low Plasticity Burnishing},
   institution = {Lambda Research},
   year = {2006},
   type = {Report}
}

@article{RN435,
   author = {Champagne, V. and Helfritch, D.},
   title = {The unique abilities of cold spray deposition},
   journal = {International Materials Reviews},
   volume = {61},
   number = {7},
   pages = {437-455},
   ISSN = {0950-6608
1743-2804},
   DOI = {10.1080/09506608.2016.1194948},
   year = {2016},
   type = {Journal Article}
}

@book{RN3390,
   author = {Champagne, V.K.},
   title = {The Cold Spray Materials Deposition Process: Fundamentals and Applications},
   publisher = {Woodhead},
   address = {Boca Raton},
   edition = {1st},
   year = {2007},
   type = {Book}
}

@article{RN892,
   author = {Champagne, Victor K. and Helfritch, Dennis J.},
   title = {A demonstration of the antimicrobial effectiveness of various copper surfaces},
   journal = {Journal of Biological Engineering},
   volume = {7},
   number = {9},
   year = {2013},
   type = {Journal Article}
}

@article{RN3454,
   author = {Chase, M. W. J.},
   title = {{NIST-JANAF} Thermochemical Tables},
   journal = {Journal of Physical Chemistry},
   year = {1998},
   type = {Journal Article}
}

@article{RN3443,
   author = {Chen, Chaoyue and Gojon, Sébastien and Xie, Yingchun and Yin, Shuo and Verdy, Christophe and Ren, Zhongming and Liao, Hanlin and Deng, Sihao},
   title = {A novel spiral trajectory for damage component recovery with cold spray},
   journal = {Surface and Coatings Technology},
   volume = {309},
   pages = {719-728},
   ISSN = {02578972},
   DOI = {10.1016/j.surfcoat.2016.10.096},
   year = {2017},
   type = {Journal Article}
}

@article{RN3404,
   author = {Chen, Chaoyue and Yan, Xingchen and Xie, Yingchun and Huang, Renzhong and Kuang, Min and Ma, Wenyou and Zhao, Ruixin and Wang, Jiang and Liu, Min and Ren, Zhongming and Liao, Hanlin},
   title = {Microstructure evolution and mechanical properties of maraging steel 300 fabricated by cold spraying},
   journal = {Materials Science and Engineering: A},
   volume = {743},
   pages = {482-493},
   ISSN = {09215093},
   DOI = {10.1016/j.msea.2018.11.116},
   year = {2019},
   type = {Journal Article}
}

@article{RN290,
   author = {Chen, C. L. and Tatlock, G. J. and Jones, A. R.},
   title = {Microstructural evolution in friction stir welding of nanostructured {ODS} alloys},
   journal = {Journal of Alloys and Compounds},
   volume = {504},
   pages = {S460-S466},
   ISSN = {09258388},
   DOI = {10.1016/j.jallcom.2010.02.192},
   year = {2010},
   type = {Journal Article}
}

@article{RN368,
   author = {Chen, Y. M. and Ohkubo, T. and Kodzuka, M. and Morita, K. and Hono, K.},
   title = {Laser-assisted atom probe analysis of zirconia/spinel nanocomposite ceramics},
   journal = {Scripta Materialia},
   volume = {61},
   number = {7},
   pages = {693-696},
   ISSN = {13596462},
   DOI = {10.1016/j.scriptamat.2009.05.043},
   year = {2009},
   type = {Journal Article}
}

@inbook{RN1397,
   author = {Christoulis, Dimitris K. and Jeandin, Michel and Irissou, Eric and Legoux, Jean-Gabriel and Knapp, Wolfgang},
   title = {Laser-Assisted Cold Spray {(LACS)}},
   booktitle = {Nd YAG Laser},
   editor = {Open, InTech},
   address = {Rijeka},
   edition = {1},
   chapter = {5},
   pages = {59-96},
   ISBN = {978-953-51-0105-5},
   DOI = {http://dx.doi.org/10.5772/57353},
   year = {2012},
   type = {Book Section}
}

@article{RN1419,
   author = {Clough, W.R. and Jackman, L.A. and Adnreev, Y.G.},
   title = {Dynamic Strain Aging and the Charpy Specimen Behavior of Annealed 4340 Steel},
   journal = {Journal of Basic Engineering},
   number = {March},
   pages = {13-20},
   year = {1968},
   type = {Journal Article}
}

@article{RN183,
   author = {Coddet, Pierre and Verdy, Christophe and Coddet, Christian and Debray, François and Lecouturier, Florence},
   title = {Mechanical properties of thick 304{L} stainless steel deposits processed by {He} cold spray},
   journal = {Surface and Coatings Technology},
   volume = {277},
   pages = {74-80},
   ISSN = {02578972},
   DOI = {10.1016/j.surfcoat.2015.07.001},
   year = {2015},
   type = {Journal Article}
}

@article{RN410,
   author = {Coppa, Anne C. and Kapoor, Monica and Hornbuckle, B. Chad and Weaver, Mark L. and Noebe, Ronald D. and Thompson, Gregory B.},
   title = {Influence of Dilute {Hf} Additions on Precipitation and Martensitic Transformation in {Ni-Ti-Pd} Alloys},
   journal = {Jom},
   volume = {67},
   number = {10},
   pages = {2244-2250},
   ISSN = {1047-4838
1543-1851},
   DOI = {10.1007/s11837-015-1567-5},
   year = {2015},
   type = {Journal Article}
}

@article{RN961,
   author = {Cornwell, L. R. and Hartwig, K. T. and Goforth, R. E. and Semiatin, S. L.},
   title = {The Equal Channel Angular Extrusion Process for Materials Processing},
   journal = {Materials Characterization},
   volume = {37},
   pages = {295-300},
   year = {1996},
   type = {Journal Article}
}

@article{RN962,
   author = {Cottrell, A. H.},
   title = {A Note on the {Portevin-Le Chatelier} Effect},
   volume = {44},
   number = {355},
   pages = {829-832},
   year = {1952},
   type = {Journal Article}
}

@article{RN963,
   author = {Cottrell, A. H. and Bilby, B. A.},
   title = {Dislocation theory of yielding and strain ageing of iron},
   journal = {Proc Phys Soc A},
   volume = {62},
   pages = {49-62},
   year = {1949},
   type = {Journal Article}
}

@phdthesis{RN1438,
   author = {Cuddy, Jonathan K.},
   title = {Substructural Evolution, Strengthening and Fracture Mechanisms in {AISI} 4340 Steel},
   university = {University of Manitoba},
   year = {1988},
   type = {Thesis}
}

@article{RN966,
   author = {Darling, Kris A. and Chan, Ryan N. and Wong, Patrick Z. and Semones, Jonathan E. and Scattergood, Ronald O. and Koch, Carl C.},
   title = {Grain-size stabilization in nanocrystalline {FeZr} alloys},
   journal = {Scripta Materialia},
   volume = {59},
   number = {5},
   pages = {530-533},
   ISSN = {13596462},
   DOI = {10.1016/j.scriptamat.2008.04.045},
   year = {2008},
   type = {Journal Article}
}

@article{RN740,
   author = {Darling, K. A. and Kapoor, M. and Kotan, H. and Hornbuckle, B. C. and Walck, S. D. and Thompson, G. B. and Tschopp, M. A. and Kecskes, L. J.},
   title = {Structure and mechanical properties of {Fe–Ni–Zr} oxide-dispersion-strengthened {(ODS)} alloys},
   journal = {Journal of Nuclear Materials},
   volume = {467},
   pages = {205-213},
   ISSN = {00223115},
   DOI = {10.1016/j.jnucmat.2015.09.011},
   year = {2015},
   type = {Journal Article}
}

@article{RN243,
   author = {Darling, K. A. and VanLeeuwen, B. K. and Semones, J. E. and Koch, C. C. and Scattergood, R. O. and Kecskes, L. J. and Mathaudhu, S. N.},
   title = {Stabilized nanocrystalline iron-based alloys: Guiding efforts in alloy selection},
   journal = {Materials Science and Engineering: A},
   volume = {528},
   number = {13-14},
   pages = {4365-4371},
   ISSN = {09215093},
   DOI = {10.1016/j.msea.2011.02.080},
   year = {2011},
   type = {Journal Article}
}

@article{RN192,
   author = {Dayani, S. B. and Shaha, S. K. and Ghelichi, R. and Wang, J. F. and Jahed, H.},
   title = {The impact of {AA7075} cold spray coating on the fatigue life of {AZ31B} cast alloy},
   journal = {Surface and Coatings Technology},
   volume = {337},
   pages = {150-158},
   ISSN = {02578972},
   DOI = {10.1016/j.surfcoat.2018.01.008},
   year = {2018},
   type = {Journal Article}
}

@inproceedings{RN969,
   author = {de Barbadillo, J. J. and Smith, G. D. W. },
   title = {Recent Developments and Challenges in the Application of Mechanically Alloyed Oxide Dispersion Strengthened Alloys},
   booktitle = {Mechanical alloying: proceedings of the International Symposium on Mechanical Alloying},
   volume = {88-90},
   pages = {166-175},
   type = {Conference Proceedings}
}

@article{RN1401,
   author = {Denis, S. and Archambault, P. and Aubry, C. and Mey, A. and Jouin, J.Ch. and Simon, A.},
   title = {Modelling of phase transformation kinetics in steels and coupling with heat treatment residual stress predictions},
   journal = {J Phys IV},
   volume = {9},
   number = {PR9},
   pages = {323-332},
   year = {1999},
   type = {Journal Article}
}

@article{RN2628,
   author = {Dhara, S. and Marceau, R. K. W. and Wood, K. and Dorin, T. and Timokhina, I. B. and Hodgson, P. D.},
   title = {Atom probe tomography data analysis procedure for precipitate and cluster identification in a {Ti-Mo} steel},
   journal = {Data Brief},
   volume = {18},
   pages = {968-982},
   ISSN = {2352-3409 (Print)
2352-3409 (Linking)},
   DOI = {10.1016/j.dib.2018.03.094},
   url = {https://www.ncbi.nlm.nih.gov/pubmed/29900263},
   year = {2018},
   type = {Journal Article}
}

@article{RN739,
   author = {Dou, Peng and Kimura, Akihiko and Kasada, Ryuta and Okuda, Takanari and Inoue, Masaki and Ukai, Shigeharu and Ohnuki, Somei and Fujisawa, Toshiharu and Abe, Fujio},
   title = {{TEM} and {HRTEM} study of oxide particles in an {A}l-alloyed high-{C}r oxide dispersion strengthened steel with {Z}r addition},
   journal = {Journal of Nuclear Materials},
   volume = {444},
   number = {1-3},
   pages = {441-453},
   ISSN = {00223115},
   DOI = {10.1016/j.jnucmat.2013.10.028},
   year = {2014},
   type = {Journal Article}
}

@article{RN1248,
   author = {Dykhuizen, R.C. and Smith, M.F.},
   title = {Gas Dynamic Principles Of Cold Spray},
   journal = {Journal of Thermal Spray Technology},
   volume = {7},
   number = {2},
   pages = {205-212},
   year = {1998},
   type = {Journal Article}
}

@article{RN1246,
   author = {Dykhuizen, R.C. and Smith, M.F. and Gilmore, D.L. and Neiser, R.A. and Jiang, X. and Sampath, S.},
   title = {Impact Of High Velocity Cold Spray Particles},
   journal = {Journal of Thermal Spray Technology},
   volume = {8},
   number = {4},
   pages = {559-564},
   year = {1999},
   type = {Journal Article}
}

@techreport{RN771,
   author = {Elsea, H. R. and Fletcher, E. E},
   title = {Hydrogen-Induced, Delayed, Brittle Failures of High-Strength Steels},
   institution = {Battelle Memorial Institute},
   year = {1964},
   type = {Report}
}

@article{RN3444,
   author = {Exertier, F. and La Fontaine, A. and Corcoran, C. and Piazolo, S. and Belousova, E. and Peng, Z. and Gault, B. and Saxey, D. W. and Fougerouse, D. and Reddy, S. M. and Pedrazzini, S. and Bagot, P. A. J. and Moody, M. P. and Langelier, B. and Moser, D. E. and Botton, G. A. and Vogel, F. and Thompson, G. B. and Blanchard, P. T. and Chiaramonti, A. N. and Reinhard, D. A. and Rice, K. P. and Schreiber, D. K. and Kruska, K. and Wang, J. and Cairney, J. M.},
   title = {Atom probe tomography analysis of the reference {Zircon GJ-1}: An interlaboratory study},
   journal = {Chemical Geology},
   volume = {495},
   pages = {27-35},
   ISSN = {00092541},
   DOI = {10.1016/j.chemgeo.2018.07.031},
   year = {2018},
   type = {Journal Article}
}

@article{RN3376,
   author = {Fakir, Rachid and Barka, Noureddine and Brousseau, Jean and Caron-Guillemette, Gabriel},
   title = {Numerical Investigation by the Finite Difference Method of the Laser Hardening Process Applied to {AISI}-4340},
   journal = {Journal of Applied Mathematics and Physics},
   volume = {06},
   number = {10},
   pages = {2087-2106},
   ISSN = {2327-4352
2327-4379},
   DOI = {10.4236/jamp.2018.610176},
   year = {2018},
   type = {Journal Article}
}

@article{RN511,
   author = {Fernandez, Ruben and Jodoin, Bertrand},
   title = {Effect of Particle Morphology on Cold Spray Deposition of Chromium Carbide-Nickel Chromium Cermet Powders},
   journal = {Journal of Thermal Spray Technology},
   volume = {26},
   number = {6},
   pages = {1356-1380},
   ISSN = {1059-9630
1544-1016},
   DOI = {10.1007/s11666-017-0580-3},
   year = {2017},
   type = {Journal Article}
}

@article{RN799,
   author = {Findik, Fehim},
   title = {Recent developments in explosive welding},
   journal = {Materials $\&$ Design},
   volume = {32},
   number = {3},
   pages = {1081-1093},
   ISSN = {02613069},
   DOI = {10.1016/j.matdes.2010.10.017},
   year = {2011},
   type = {Journal Article}
}

@article{RN1404,
   author = {Franchim, Andreza S. and Campos, Valdemir S. de and Travessa, Dilermando N. and Neto, Carlos de Moura},
   title = {Analytical modelling for residual stresses produced by shot peening},
   journal = {Materials $\&$ Design},
   volume = {30},
   number = {5},
   pages = {1556-1560},
   ISSN = {02613069},
   DOI = {10.1016/j.matdes.2008.07.040},
   year = {2009},
   type = {Journal Article}
}

@article{RN896,
   author = {Gama, Bazle A. and Lopatnikov, Sergey L. and Gillespie, John W.},
   title = {Hopkinson bar experimental technique: A critical review},
   journal = {Applied Mechanics Reviews},
   volume = {57},
   number = {4},
   pages = {223-250},
   ISSN = {0003-6900
2379-0407},
   DOI = {10.1115/1.1704626},
   year = {2004},
   type = {Journal Article}
}

@book{RN2674,
   author = {Gault, B. and Moody, Michael P. and Cairney, Julie M. and Ringer, Simon P.},
   title = {Atom Probe Microscopy},
   publisher = {Springer},
   address = {New York},
   ISBN = {978-1-4614-3436-8},
   DOI = {10.1007/978-1-4614-3436-8},
   year = {2012},
   type = {Book}
}

@article{RN3446,
   author = {Gey, N. and Petit, B. and Humbert, M.},
   title = {Electron backscattered diffraction study of ε/α′ martensitic variants induced by plastic deformation in 304 stainless steel},
   journal = {Metallurgical and Materials Transactions A},
   volume = {36A},
   pages = {3291-3299},
   year = {2005},
   type = {Journal Article}
}

@article{RN217,
   author = {Ghamarian, I. and Marquis, E. A.},
   title = {Hierarchical density-based cluster analysis framework for atom probe tomography data},
   journal = {Ultramicroscopy},
   volume = {200},
   pages = {28-38},
   ISSN = {1879-2723 (Electronic)
0304-3991 (Linking)},
   DOI = {10.1016/j.ultramic.2019.01.011},
   url = {https://www.ncbi.nlm.nih.gov/pubmed/30822614},
   year = {2019},
   type = {Journal Article}
}

@article{RN143,
   author = {Ghelichi, Ramin and Bagherifard, Sara and Mac Donald, Daniel and Brochu, Mathieu and Jahed, Hamid and Jodoin, Bertrand and Guagliano, Mario},
   title = {Fatigue strength of {Al} alloy cold sprayed with nanocrystalline powders},
   journal = {International Journal of Fatigue},
   volume = {65},
   pages = {51-57},
   ISSN = {01421123},
   DOI = {10.1016/j.ijfatigue.2013.09.001},
   year = {2014},
   type = {Journal Article}
}

@article{RN1396,
   title = {3-dimensional transient residual stress finite element analysis for laser aided direct metal deposition process},
   journal = {International Congress on Applications of Lasers and Electro-Optics},
   volume = {908},
   pages = {1-12},
   DOI= {10.2351/1.5060091},
   year = {2003},

}

@article{RN3385,
   author = {Gomes, Joao and Gaivota, Narciso and Martins, Rui F. and Pires Silva, P.},
   title = {Failure analysis of crankshafts used in maritime {V12} diesel engines},
   journal = {Engineering Failure Analysis},
   volume = {92},
   pages = {466-479},
   ISSN = {13506307},
   DOI = {10.1016/j.engfailanal.2018.06.020},
   year = {2018},
   type = {Journal Article}
}

@book{RN3387,
   author = {Granjon, H.},
   title = {Cracking and Fracture in Welds},
   address = {Tokyo},
   year = {1972},
   type = {Book}
}

@article{RN303,
   author = {Guduru, R. K. and Darling, K. A. and Scattergood, R. O. and Koch, C. C. and Murty, K. L. and Bakkal, M. and Shih, A. J.},
   title = {Shear punch tests for a bulk metallic glass},
   journal = {Intermetallics},
   volume = {14},
   number = {12},
   pages = {1411-1416},
   ISSN = {09669795},
   DOI = {10.1016/j.intermet.2006.01.052},
   year = {2006},
   type = {Journal Article}
}

@article{RN3455,
   author = {Guglielmi, Paula O. and Ziehmer, Markus and Lilleodden, Erica T.},
   title = {On a novel strain indicator based on uncorrelated misorientation angles for correlating dislocation density to local strength},
   journal = {Acta Materialia},
   volume = {150},
   pages = {195-205},
   ISSN = {13596454},
   DOI = {10.1016/j.actamat.2018.03.009},
   year = {2018},
   type = {Journal Article}
}

@article{RN3452,
   author = {Guillermet, A. Fernández and Frisk, K.},
   title = {Thermodynamic Properties of {Ni} Nitrides and Phase Stability in the {Ni-N} System},
   journal = {International Journal of Thermophysics},
   volume = {12},
   number = {2},
   pages = {417-431},
   year = {1991},
   type = {Journal Article}
}

@article{RN3457,
   author = {Guo, Qianying and Thompson, Gregory B.},
   title = {In-situ Indentation and Correlated Precession Electron Diffraction Analysis of a Polycrystalline {Cu} Thin Film},
   journal = {Jom},
   volume = {70},
   number = {7},
   pages = {1081-1087},
   ISSN = {1047-4838
1543-1851},
   DOI = {10.1007/s11837-018-2854-8},
   year = {2018},
   type = {Journal Article}
}

@article{RN347,
   author = {Guo, Qianying and Wan, Li and Yu, Xiao-xiang and Vogel, Florian and Thompson, Gregory B.},
   title = {Influence of phase stability on the in situ growth stresses in {Cu/Nb} multilayered films},
   journal = {Acta Materialia},
   volume = {132},
   pages = {149-161},
   ISSN = {13596454},
   DOI = {10.1016/j.actamat.2017.04.036},
   year = {2017},
   type = {Journal Article}
}

@article{RN3379,
   author = {Hadhri, Mahdi and El Ouafi, Abderazzak and Barka, Noureddine},
   title = {Prediction of the hardness profile of an {AISI} 4340 steel cylinder heat-treated by laser - 3{D} and artificial neural networks modelling and experimental validation},
   journal = {Journal of Mechanical Science and Technology},
   volume = {31},
   number = {2},
   pages = {615-623},
   ISSN = {1738-494X
1976-3824},
   DOI = {10.1007/s12206-017-0114-4},
   year = {2017},
   type = {Journal Article}
}

@article{RN241,
   author = {Hadianfard, M. J. and Smerd, R. and Winkler, S. and Worswick, M.},
   title = {Effects of strain rate on mechanical properties and failure mechanism of structural {Al–Mg} alloys},
   journal = {Materials Science and Engineering: A},
   volume = {492},
   number = {1-2},
   pages = {283-292},
   ISSN = {09215093},
   DOI = {10.1016/j.msea.2008.03.037},
   year = {2008},
   type = {Journal Article}
}

@article{RN526,
   author = {Hasçalik, A. and Ünal, E. and Özdemir, N.},
   title = {Fatigue behaviour of {AISI} 304 steel to {AISI} 4340 steel welded by friction welding},
   journal = {Journal of Materials Science},
   volume = {41},
   number = {11},
   pages = {3233-3239},
   ISSN = {0022-2461
1573-4803},
   DOI = {10.1007/s10853-005-5478-7},
   year = {2006},
   type = {Journal Article}
}

@article{RN1292,
   author = {Hassani-Gangaraj, Mostafa and Veysset, David and Champagne, Victor K. and Nelson, Keith A. and Schuh, Christopher A.},
   title = {Adiabatic shear instability is not necessary for adhesion in cold spray},
   journal = {Acta Materialia},
   volume = {158},
   pages = {430-439},
   ISSN = {13596454},
   DOI = {10.1016/j.actamat.2018.07.065},
   year = {2018},
   type = {Journal Article}
}

@article{RN3403,
   author = {Hassani-Gangaraj, Mostafa and Veysset, David and Champagne, Victor K. and Nelson, Keith A. and Schuh, Christopher A.},
   title = {Response to Comment on “Adiabatic shear instability is not necessary for adhesion in cold spray”},
   journal = {Scripta Materialia},
   volume = {162},
   pages = {515-519},
   ISSN = {13596462},
   DOI = {10.1016/j.scriptamat.2018.12.015},
   year = {2019},
   type = {Journal Article}
}

@article{RN3414,
   author = {Häussler, D. and Bartsch, M. and Messerschmidt, U. and Reppich, B.},
   title = {{HVTEM} in situ observations of dislocation motion in the oxide dispersion strengthened superalloy {MA} 754},
   journal = {Acta Materialia},
   volume = {49},
   pages = {3647-3657},
   year = {2001},
   type = {Journal Article}
}

@article{RN50,
   author = {Heintze, C. and Hernández-Mayoral, M. and Ulbricht, A. and Bergner, F. and Shariq, A. and Weissgärber, T. and Frielinghaus, H.},
   title = {Nanoscale characterization of {ODS} {Fe}–9$\%${Cr} model alloys compacted by spark plasma sintering},
   journal = {Journal of Nuclear Materials},
   volume = {428},
   number = {1-3},
   pages = {139-146},
   ISSN = {00223115},
   DOI = {10.1016/j.jnucmat.2011.08.053},
   year = {2012},
   type = {Journal Article}
}

@article{RN1009,
   author = {Hellman, Olof C. and du Rivage, John Blatz and Seidman, David N. },
   title = {Efficient sampling for three-dimensional atom probe microscopy data},
   journal = {Ultramicroscopy},
   volume = {95},
   pages = {199-205},
   year = {2003},
   type = {Journal Article}
}

@article{RN2679,
   author = {Hellman, Olof C. and Vandenbroucke, Justin A. and Rüsing, Järg and Isheim, Dieter and Seidman, David N.},
   title = {Analysis of Three-dimensional Atom-probe Data by the Proximity Histogram
 Histogram},
   journal = {Microscopy and Microanalysis},
   volume = {6},
   number = {05},
   pages = {437-444},
   ISSN = {1431-9276
1435-8115},
   DOI = {10.1007/s100050010051},
   year = {2002},
   type = {Journal Article}
}

@article{RN345,
   author = {Henao, J. and Concustell, A. and Dosta, S. and Bolelli, G. and Cano, I. G. and Lusvarghi, L. and Guilemany, J. M.},
   title = {Deposition mechanisms of metallic glass particles by Cold Gas Spraying},
   journal = {Acta Materialia},
   volume = {125},
   pages = {327-339},
   ISSN = {13596454},
   DOI = {10.1016/j.actamat.2016.12.007},
   year = {2017},
   type = {Journal Article}
}

@article{RN3389,
   author = {Hirata, A. and Fujita, T. and Wen, Y. R. and Schneibel, J. H. and Liu, C. T. and Chen, M. W.},
   title = {Atomic structure of nanoclusters in oxide-dispersion-strengthened steels},
   journal = {Nat Mater},
   volume = {10},
   number = {12},
   pages = {922-6},
   ISSN = {1476-1122 (Print)
1476-1122 (Linking)},
   DOI = {10.1038/nmat3150},
   url = {https://www.ncbi.nlm.nih.gov/pubmed/22019943},
   year = {2011},
   type = {Journal Article}
}

@article{RN738,
   author = {Hoelzer, D. T. and Unocic, K. A. and Sokolov, M. A. and Feng, Z.},
   title = {Joining of 14{YWT} and {F82H} by friction stir welding},
   journal = {Journal of Nuclear Materials},
   volume = {442},
   number = {1-3},
   pages = {S529-S534},
   ISSN = {00223115},
   DOI = {10.1016/j.jnucmat.2013.04.027},
   year = {2013},
   type = {Journal Article}
}

@article{RN1012,
   author = {Hopkinson, Bertram},
   title = {A Method of Measuring the Pressure Produced in the Detonation of High Explosives or by the Impact of Bullets},
   journal = {Roy Soc Proc},
   volume = {213},
   pages = {437-456},
   year = {1914},
   type = {Journal Article}
}

@article{RN214,
   author = {Hornbuckle, B. C. and Kapoor, M. and Thompson, G. B.},
   title = {A procedure to create isoconcentration surfaces in low-chemical-partitioning, high-solute alloys},
   journal = {Ultramicroscopy},
   volume = {159 Pt 2},
   pages = {346-53},
   ISSN = {1879-2723 (Electronic)
0304-3991 (Linking)},
   DOI = {10.1016/j.ultramic.2015.03.003},
   url = {https://www.ncbi.nlm.nih.gov/pubmed/25791796},
   year = {2015},
   type = {Journal Article}
}

@article{RN266,
   author = {Hornbuckle, B. C. and Murdoch, H. A. and Roberts, A. J. and Kecskes, L. J. and Tschopp, M. A. and Doherty, K. J. and Yu, J. H. and Darling, K. A.},
   title = {Property mapping of friction stir welded {Al-2139 T8} plate using site specific shear punch testing},
   journal = {Materials Science and Engineering: A},
   volume = {682},
   pages = {192-201},
   ISSN = {09215093},
   DOI = {10.1016/j.msea.2016.11.032},
   year = {2017},
   type = {Journal Article}
}

@article{RN1014,
   author = {Hsiung, L. and Fluss, M. and Tumey, S. and Kuntz, J. and El-Dasher, B. and Wall, M. and Choi, B. and Kimura, A. and Willaime, F. and Serruys, Y.},
   title = {{HRTEM} study of oxide nanoparticles in {K3-ODS} ferritic steel developed for radiation tolerance},
   journal = {Journal of Nuclear Materials},
   volume = {409},
   number = {2},
   pages = {72-79},
   ISSN = {00223115},
   DOI = {10.1016/j.jnucmat.2010.09.014},
   year = {2011},
   type = {Journal Article}
}

@article{RN153,
   author = {Hsiung, Luke L. and Fluss, Michael J. and Kimura, Akihiko},
   title = {Structure of oxide nanoparticles in {Fe–16Cr} {MA/ODS} ferritic steel},
   journal = {Materials Letters},
   volume = {64},
   number = {16},
   pages = {1782-1785},
   ISSN = {0167577X},
   DOI = {10.1016/j.matlet.2010.05.039},
   year = {2010},
   type = {Journal Article}
}

@article{RN606,
   author = {Hsiung, Luke L. and Fluss, Michael J. and Tumey, Scott J. and Choi, B. William and Serruys, Yves and Willaime, Francois and Kimura, Akihiko},
   title = {Formation mechanism and the role of nanoparticles in {Fe-Cr ODS} steels developed for radiation tolerance},
   journal = {Physical Review B},
   volume = {82},
   number = {18},
   ISSN = {1098-0121
1550-235X},
   DOI = {10.1103/PhysRevB.82.184103},
   year = {2010},
   type = {Journal Article}
}

@article{RN650,
   author = {Hu, Y. J. and Li, J. and Darling, K. A. and Wang, W. Y. and VanLeeuwen, B. K. and Liu, X. L. and Kecskes, L. J. and Dickey, E. C. and Liu, Z. K.},
   title = {Nano-sized Superlattice Clusters Created by Oxygen Ordering in Mechanically Alloyed {Fe} Alloys},
   journal = {Sci Rep},
   volume = {5},
   pages = {11772},
   ISSN = {2045-2322 (Electronic)
2045-2322 (Linking)},
   DOI = {10.1038/srep11772},
   url = {https://www.ncbi.nlm.nih.gov/pubmed/26134420},
   year = {2015},
   type = {Journal Article}
}

@article{RN858,
   author = {Huang, Linke and Lin, Weitong and Lin, Bo and Liu, Feng},
   title = {Exploring the concurrence of phase transition and grain growth in nanostructured alloy},
   journal = {Acta Materialia},
   volume = {118},
   pages = {306-316},
   ISSN = {13596454},
   DOI = {10.1016/j.actamat.2016.07.052},
   year = {2016},
   type = {Journal Article}
}

@article{RN182,
   author = {Huang, Renzhong and Ma, Wenhua and Fukanuma, Hirotaka},
   title = {Development of ultra-strong adhesive strength coatings using cold spray},
   journal = {Surface and Coatings Technology},
   volume = {258},
   pages = {832-841},
   ISSN = {02578972},
   DOI = {10.1016/j.surfcoat.2014.07.074},
   year = {2014},
   type = {Journal Article}
}

@article{RN3431,
   author = {Idayan, A. and Gnanavelbabu, A. and Rajkumar, K.},
   title = {Influence of Deep Cryogenic Treatment on the Mechanical Properties of {AISI 440C} Bearing Steel},
   journal = {Procedia Engineering},
   volume = {97},
   pages = {1683-1691},
   ISSN = {18777058},
   DOI = {10.1016/j.proeng.2014.12.319},
   year = {2014},
   type = {Journal Article}
}

@article{RN1686,
   author = {Isheim, Dieter and Gagliano, Michael S. and Fine, Morris E. and Seidman, David N.},
   title = {Interfacial segregation at {Cu-rich} precipitates in a high-strength low-carbon steel studied on a sub-nanometer scale},
   journal = {Acta Materialia},
   volume = {54},
   number = {3},
   pages = {841-849},
   ISSN = {13596454},
   DOI = {10.1016/j.actamat.2005.10.023},
   year = {2006},
   type = {Journal Article}
}

@article{RN3405,
   author = {Ito, Kiyohiro and Ichikawa, Yuji},
   title = {Microstructure control of cold-sprayed pure iron coatings formed using mechanically milled powder},
   journal = {Surface and Coatings Technology},
   volume = {357},
   pages = {129-139},
   ISSN = {02578972},
   DOI = {10.1016/j.surfcoat.2018.10.016},
   year = {2019},
   type = {Journal Article}
}

@article{RN1026,
   author = {Iwahashi, Yoshinori and Wang, Jingtao and Horita, Zenji and Nemotu, Minoru and Langdon, Terence G.},
   title = {Principle of equal-channel angular pressing for the processing of ultra-fine grained materials},
   journal = {Scripta Materialia},
   volume = {35},
   number = {2},
   pages = {143-146},
   year = {1996},
   type = {Journal Article}
}

@article{RN156,
   author = {Jones, M. and Cockburn, A. and Lupoi, R. and Sparkes, M. and O’Neill, W.},
   title = {Solid-state manufacturing of tungsten deposits onto molybdenum substrates with supersonic laser deposition},
   journal = {Materials Letters},
   volume = {134},
   pages = {295-297},
   ISSN = {0167577X},
   DOI = {10.1016/j.matlet.2014.07.091},
   year = {2014},
   type = {Journal Article}
}

@article{RN1429,
   author = {Kahn, Khalid H. and Wood, William E.},
   title = {The Effect of Step Quenching on the Microstructure and Fracture Toughness of {AISI} 4340 Steel},
   journal = {Metallurgical Transactions A},
   volume = {9},
   number = {A},
   pages = {899-907},
   year = {1978},
   type = {Journal Article}
}

@article{RN1121,
   author = {Kale, C. and Rajagopalan, M. and Turnage, S. and Hornbuckle, B. and Darling, K. and Mathaudhu, S. N. and Solanki, K. N.},
   title = {On the roles of stress-triaxiality and strain-rate on the deformation behavior of {AZ31} magnesium alloys},
   journal = {Materials Research Letters},
   volume = {6},
   number = {2},
   pages = {152-158},
   ISSN = {2166-3831},
   DOI = {10.1080/21663831.2017.1417923},
   year = {2017},
   type = {Journal Article}
}

@article{RN2685,
   author = {Kapoor, Monica and Kaub, Tyler and Darling, Kristopher A. and Boyce, Brad L. and Thompson, Gregory B.},
   title = {An atom probe study on {Nb} solute partitioning and nanocrystalline grain stabilization in mechanically alloyed {Cu-Nb}},
   journal = {Acta Materialia},
   volume = {126},
   pages = {564-575},
   ISSN = {13596454},
   DOI = {10.1016/j.actamat.2016.12.057},
   year = {2017},
   type = {Journal Article}
}

@article{RN765,
   author = {Katsamas, A. I. and Haidemenopoulos, G. N.},
   title = {Laser-beam carburizing of low-alloy steels},
   journal = {Surface and Coatings Technology},
   volume = {139},
   number = {2-3},
   pages = {183-191},
   year = {2001},
   type = {Journal Article}
}

@article{RN3380,
   author = {Khalifa, Mohamed and Barka, Noureddine and Brousseau, Jean and Bocher, Philippe},
   title = {Sensitivity study of hardness profile of 4340 steel disc hardened by induction according to machine parameters and geometrical factors},
   journal = {The International Journal of Advanced Manufacturing Technology},
   volume = {101},
   number = {1-4},
   pages = {209-221},
   ISSN = {0268-3768
1433-3015},
   DOI = {10.1007/s00170-018-2892-y},
   year = {2018},
   type = {Journal Article}
}

@article{RN110,
   author = {Kirchhofer, Rita and Teague, Melissa C. and Gorman, Brian P.},
   title = {Thermal effects on mass and spatial resolution during laser pulse atom probe tomography of cerium oxide},
   journal = {Journal of Nuclear Materials},
   volume = {436},
   number = {1-3},
   pages = {23-28},
   ISSN = {00223115},
   DOI = {10.1016/j.jnucmat.2012.12.052},
   year = {2013},
   type = {Journal Article}
}

@article{RN1938,
   author = {Koivuluoto, Heli and Honkanen, Mari and Vuoristo, Petri},
   title = {Cold-sprayed copper and tantalum coatings — Detailed {FESEM and TEM} analysis},
   journal = {Surface and Coatings Technology},
   volume = {204},
   number = {15},
   pages = {2353-2361},
   ISSN = {02578972},
   DOI = {10.1016/j.surfcoat.2010.01.001},
   year = {2010},
   type = {Journal Article}
}

@article{RN2633,
   author = {Kolli, R. P. and Seidman, D. N.},
   title = {Comparison of compositional and morphological atom-probe tomography analyses for a multicomponent {Fe-Cu} steel},
   journal = {Microsc Microanal},
   volume = {13},
   number = {4},
   pages = {272-84},
   ISSN = {1431-9276 (Print)
1431-9276 (Linking)},
   DOI = {10.1017/S1431927607070675},
   url = {https://www.ncbi.nlm.nih.gov/pubmed/17637076},
   year = {2007},
   type = {Journal Article}
}

@article{RN1053,
   author = {Kolsky, H.},
   title = {An Investigation of the Mechanical Properties of Materials at very High Rates of Loading},
   journal = {Proc. Phys. Soc. Lond. B},
   volume = {62},
   pages = {676-700},
   year = {1949},
   type = {Journal Article}
}

@article{RN371,
   author = {Kontis, Paraskevas and Collins, David M. and Wilkinson, Angus J. and Reed, Roger C. and Raabe, Dierk and Gault, Baptiste},
   title = {Microstructural degradation of polycrystalline superalloys from oxidized carbides and implications on crack initiation},
   journal = {Scripta Materialia},
   volume = {147},
   pages = {59-63},
   ISSN = {13596462},
   DOI = {10.1016/j.scriptamat.2017.12.028},
   year = {2018},
   type = {Journal Article}
}

@article{RN291,
   author = {Kotan, Hasan and Darling, Kris A. and Saber, Mostafa and Koch, Carl C. and Scattergood, Ronald O.},
   title = {Effect of zirconium on grain growth and mechanical properties of a ball-milled nanocrystalline {FeNi} alloy},
   journal = {Journal of Alloys and Compounds},
   volume = {551},
   pages = {621-629},
   ISSN = {09258388},
   DOI = {10.1016/j.jallcom.2012.10.179},
   year = {2013},
   type = {Journal Article}
}

@article{RN550,
   author = {Kotan, Hasan and Darling, Kristopher A. and Saber, Mostafa and Scattergood, Ronald O. and Koch, Carl C.},
   title = {An in situ experimental study of grain growth in a nanocrystalline {F}e\textsubscript{91}{N}i\textsubscript{8}{Z}r\textsubscript{1} alloy},
   journal = {Journal of Materials Science},
   volume = {48},
   number = {5},
   pages = {2251-2257},
   ISSN = {0022-2461
1573-4803},
   DOI = {10.1007/s10853-012-7002-1},
   year = {2012},
   type = {Journal Article}
}

@article{RN476,
   author = {Kotan, Hasan and Darling, Kris A. and Saber, Mostafa and Scattergood, Ronald O. and Koch, Carl C.},
   title = {Thermal stability and mechanical properties of nanocrystalline {Fe–Ni–Zr} alloys prepared by mechanical alloying},
   journal = {Journal of Materials Science},
   volume = {48},
   number = {24},
   pages = {8402-8411},
   ISSN = {0022-2461
1573-4803},
   DOI = {10.1007/s10853-013-7652-7},
   year = {2013},
   type = {Journal Article}
}

@article{RN1247,
   author = {Kotan, Hasan and Darling, Kris A. and Scattergood, Ronald O. and Koch, Carl C.},
   title = {Influence of {Zr} and nano-{Y}\textsubscript{2}{O}\textsubscript{3} additions on thermal stability and improved hardness in mechanically alloyed {Fe} base ferritic alloys},
   journal = {Journal of Alloys and Compounds},
   volume = {615},
   pages = {1013-1018},
   ISSN = {09258388},
   DOI = {10.1016/j.jallcom.2014.07.054},
   year = {2014},
   type = {Journal Article}
}

@book{RN3361,
   author = {Kou, Sindo},
   title = {Welding Metallurgy},
   publisher = {John Wiley $\&$ Sons},
   address = {Hoboken, NJ},
   year = {2003},
   type = {Book}
}

@article{RN3366,
   author = {Kulmala, M. and Vuoristo, P.},
   title = {Influence of process conditions in laser-assisted low-pressure cold spraying},
   journal = {Surface and Coatings Technology},
   volume = {202},
   number = {18},
   pages = {4503-4508},
   ISSN = {02578972},
   DOI = {10.1016/j.surfcoat.2008.04.034},
   year = {2008},
   type = {Journal Article}
}

@article{RN3445,
   author = {Kumar, S. and Jyothirmayi, A. and Wasekar, Nitin and Joshi, S. V.},
   title = {Influence of annealing on mechanical and electrochemical properties of cold sprayed niobium coatings},
   journal = {Surface and Coatings Technology},
   volume = {296},
   pages = {124-135},
   ISSN = {02578972},
   DOI = {10.1016/j.surfcoat.2016.04.027},
   year = {2016},
   type = {Journal Article}
}

@article{RN1435,
   author = {Lai, G.Y. and Wood, W.E. and Clark, R.A. and Zackay, V.F. and Parker, E.R.},
   title = {The Effect of Austenitizing Temperature on the Microstructure and Mechanical Properties of As-Quenched 4340 Steel},
   journal = {Metallurgical Transactions},
   volume = {5},
   pages = {1663-1670},
   year = {1974},
   type = {Journal Article}
}

@book{RN704,
   author = {Larson, David J. and Prosa, Ty J. and Ulfig, Robert M. and Geiser, Brian P. and Kelly, Thomas F.},
   title = {Local Electrode Atom Probe Tomography},
   publisher = {Springer},
   address = {New York},
   year = {2013},
   type = {Book}
}

@article{RN1418,
   author = {Lee, Woei-Shyan and Su, Tzay-Tian},
   title = {Mechanical properties and microstructural features of {AISI} 4340 high-strength alloy steel under quenched and tempered conditions},
   journal = {Journal of Materials Processing Technology},
   volume = {87},
   pages = {198-206},
   year = {1997},
   type = {Journal Article}
}

@article{RN2270,
   author = {Lee, Woei-Shyan and Yeh, Gen-Wang},
   title = {The plastic deformation behaviour of {AISI} 4340 alloy steel subjected to high temperature and high strain rate loading conditions},
   journal = {Journal of Materials Processing Technology},
   volume = {71},
   pages = {224-234},
   year = {1997},
   type = {Journal Article}
}

@article{RN2626,
   author = {Lefebvre, W. and Philippe, T. and Vurpillot, F.},
   title = {Application of Delaunay tessellation for the characterization of solute-rich clusters in atom probe tomography},
   journal = {Ultramicroscopy},
   volume = {111},
   number = {3},
   pages = {200-6},
   ISSN = {1879-2723 (Electronic)
0304-3991 (Linking)},
   DOI = {10.1016/j.ultramic.2010.11.034},
   url = {https://www.ncbi.nlm.nih.gov/pubmed/21333857},
   year = {2011},
   type = {Journal Article}
}

@article{RN558,
   author = {Lemmen, H. J. K. and Sudmeijer, K. J. and Richardson, I. M. and van der Zwaag, S.},
   title = {Laser beam welding of an Oxide Dispersion Strengthened super alloy},
   journal = {Journal of Materials Science},
   volume = {42},
   number = {13},
   pages = {5286-5295},
   ISSN = {0022-2461
1573-4803},
   DOI = {10.1007/s10853-006-0168-7},
   year = {2007},
   type = {Journal Article}
}

@article{RN733,
   author = {Lewis, B. J. and Thompson, W. T. and Akbari, F. and Morrison, C. and Husain, A.},
   title = {Thermodynamic considerations and prediction of the primary coolant activity of 99{Tc}},
   journal = {Journal of Nuclear Materials},
   volume = {340},
   number = {1},
   pages = {69-82},
   ISSN = {00223115},
   DOI = {10.1016/j.jnucmat.2004.10.116},
   year = {2005},
   type = {Journal Article}
}

@article{RN191,
   author = {Li, Bo and Jin, Yan and Yao, Jianhua and Li, Zhihong and Zhang, Qunli},
   title = {Solid-state fabrication of {WCp}-reinforced {S}tellite-6 composite coatings with supersonic laser deposition},
   journal = {Surface and Coatings Technology},
   volume = {321},
   pages = {386-396},
   ISSN = {02578972},
   DOI = {10.1016/j.surfcoat.2017.04.062},
   year = {2017},
   type = {Journal Article}
}

@article{RN135,
   author = {Li, Bo and Jin, Yan and Yao, Jianhua and Li, Zhihong and Zhang, Qunli and Zhang, Xin},
   title = {Influence of laser irradiation on deposition characteristics of cold sprayed {S}tellite-6 coatings},
   journal = {Optics $\&$ Laser Technology},
   volume = {100},
   pages = {27-39},
   ISSN = {00303992},
   DOI = {10.1016/j.optlastec.2017.09.034},
   year = {2018},
   type = {Journal Article}
}

@article{RN2245,
   author = {Li, Bo and Yao, Jianhua and Zhang, Qunli and Li, Zhihong and Yang, Lijing},
   title = {Microstructure and tribological performance of tungsten carbide reinforced stainless steel composite coatings by supersonic laser deposition},
   journal = {Surface and Coatings Technology},
   volume = {275},
   pages = {58-68},
   ISSN = {02578972},
   DOI = {10.1016/j.surfcoat.2015.05.040},
   year = {2015},
   type = {Journal Article}
}

@article{RN559,
   author = {Li, C. J. and Wang, H. T. and Zhang, Q. and Yang, G. J. and Li, W. Y. and Liao, H. L.},
   title = {Influence of Spray Materials and Their Surface Oxidation on the Critical Velocity in Cold Spraying},
   journal = {Journal of Thermal Spray Technology},
   volume = {19},
   number = {1-2},
   pages = {95-101},
   ISSN = {1059-9630
1544-1016},
   DOI = {10.1007/s11666-009-9427-x},
   year = {2009},
   type = {Journal Article}
}

@article{RN171,
   author = {Li, Chang-Jiu and Li, Wen-Ya},
   title = {Deposition characteristics of titanium coating in cold spraying},
   journal = {Surface and Coatings Technology},
   volume = {167},
   number = {2-3},
   pages = {278-283},
   ISSN = {02578972},
   DOI = {10.1016/s0257-8972(02)00919-2},
   year = {2003},
   type = {Journal Article}
}

@inproceedings{RN500,
   author = {Li, C. -J. and Li, W. -Y. and Wang, Y. -Y},
   title = {Effect of Spray Angle on Deposition Characteristics in Cold Spraying},
   booktitle = {International Thermal Spray Conference 2003: Advancing the Science $\&$ Applying the Technology},
   publisher = {ASM International},
   type = {Conference Proceedings}
}

@article{RN1376,
   author = {Li, J. and Dickey, E. C. and VanLeeuwen, B. K. and Liu, Z. and Darling, K. A.},
   title = {Coherent, Oxygen-Rich Nano-Clusters In { Fe}-1at$\%${Zr} Alloy},
   journal = {Microscopy and Microanalysis},
   volume = {18},
   number = {S2},
   pages = {1888-1889},
   ISSN = {1431-9276
1435-8115},
   DOI = {10.1017/s1431927612011294},
   year = {2012},
   type = {Journal Article}
}

@article{RN263,
   author = {Li, Lulu and Xu, Weizong and Saber, Mostafa and Zhu, Yuntian and Koch, Carl C. and Scattergood, Ronald O.},
   title = {Long-term stability of 14{YT–4Sc} alloy at high temperature},
   journal = {Materials Science and Engineering: A},
   volume = {647},
   pages = {222-228},
   ISSN = {09215093},
   DOI = {10.1016/j.msea.2015.09.012},
   year = {2015},
   type = {Journal Article}
}

@article{RN560,
   author = {Li, Wenya and Yang, Kang and Zhang, Dongdong and Zhou, Xianglin},
   title = {Residual Stress Analysis of Cold-Sprayed Copper Coatings by Numerical Simulation},
   journal = {Journal of Thermal Spray Technology},
   volume = {25},
   number = {1-2},
   pages = {131-142},
   ISSN = {1059-9630
1544-1016},
   DOI = {10.1007/s11666-015-0308-1},
   year = {2015},
   type = {Journal Article}
}

@article{RN561,
   author = {Li, Yangfan and Hamada, Yukitaka and Otobe, Katsunori and Ando, Teiichi},
   title = {A Method to Predict the Thickness of Poorly-Bonded Material Along Spray and Spray-Layer Boundaries in Cold Spray Deposition},
   journal = {Journal of Thermal Spray Technology},
   volume = {26},
   number = {3},
   pages = {350-359},
   ISSN = {1059-9630
1544-1016},
   DOI = {10.1007/s11666-016-0517-2},
   year = {2016},
   type = {Journal Article}
}

@article{RN119,
   author = {Lin, Jun-Li and Mo, Kun and Yun, Di and Miao, Yinbin and Liu, Xiang and Zhao, Huijuan and Hoelzer, David T. and Park, Jun-Sang and Almer, Jonathan and Zhang, Guangming and Zhou, Zhangjian and Stubbins, James F. and Yacout, Abdellatif M.},
   title = {In situ synchrotron tensile investigations on 14{YWT}, {MA}957, and 9-{Cr} {ODS} alloys},
   journal = {Journal of Nuclear Materials},
   volume = {471},
   pages = {289-298},
   ISSN = {00223115},
   DOI = {10.1016/j.jnucmat.2015.10.049},
   year = {2016},
   type = {Journal Article}
}

@article{RN44,
   author = {Lindau, R. and Klimenkov, M. and Jäntsch, U. and Möslang, A. and Commin, L.},
   title = {Mechanical and microstructural characterization of electron beam welded reduced activation oxide dispersion strengthened – {Eurofer} steel},
   journal = {Journal of Nuclear Materials},
   volume = {416},
   number = {1-2},
   pages = {22-29},
   ISSN = {00223115},
   DOI = {10.1016/j.jnucmat.2011.01.025},
   year = {2011},
   type = {Journal Article}
}

@article{RN47,
   author = {Liu, C. and Yu, C. and Hashimoto, N. and Ohnuki, S. and Ando, M. and Shiba, K. and Jitsukawa, S.},
   title = {Micro-structure and micro-hardness of {ODS} steels after ion irradiation},
   journal = {Journal of Nuclear Materials},
   volume = {417},
   number = {1-3},
   pages = {270-273},
   ISSN = {00223115},
   DOI = {10.1016/j.jnucmat.2011.01.067},
   year = {2011},
   type = {Journal Article}
}

@article{RN3406,
   author = {Liu, Jingchun and Zhou, Xianglin and Zheng, Xiong and Cui, Hua and Zhang, Jishan},
   title = {Tribological behavior of cold-sprayed nanocrystalline and conventional copper coatings},
   journal = {Applied Surface Science},
   volume = {258},
   number = {19},
   pages = {7490-7496},
   ISSN = {01694332},
   DOI = {10.1016/j.apsusc.2012.04.070},
   year = {2012},
   type = {Journal Article}
}

@article{RN486,
   author = {Liu, Tian and Leazer, Jeremy D. and Brewer, Luke N.},
   title = {Deformation Microstructures in Individual Cold Sprayed {Al-Cu} Alloy Particles Studied via Precession Electron Diffraction and Transmission Kikuchi Diffraction},
   journal = {Microscopy and Microanalysis},
   volume = {24},
   number = {S1},
   pages = {2180-2181},
   ISSN = {1431-9276
1435-8115},
   DOI = {10.1017/s1431927618011388},
   year = {2018},
   type = {Journal Article}
}

@article{RN3383,
   author = {Liu, Tian and Leazer, Jeremy D. and Brewer, Luke N.},
   title = {Particle deformation and microstructure evolution during cold spray of individual {Al-Cu} alloy powder particles},
   journal = {Acta Materialia},
   volume = {168},
   pages = {13-23},
   ISSN = {13596454},
   DOI = {10.1016/j.actamat.2019.01.054},
   year = {2019},
   type = {Journal Article}
}

@article{RN2261,
   author = {Liverani, Erica and Lutey, Adrian H. A. and Ascari, Alessandro and Fortunato, Alessandro and Tomesani, Luca},
   title = {A complete residual stress model for laser surface hardening of complex medium carbon steel components},
   journal = {Surface and Coatings Technology},
   volume = {302},
   pages = {100-106},
   ISSN = {02578972},
   DOI = {10.1016/j.surfcoat.2016.05.066},
   year = {2016},
   type = {Journal Article}
}

@article{RN780,
   author = {Luo, Fang and Cockburn, Andrew and Lupoi, Rocco and Sparkes, Martin and O'Neill, William},
   title = {Performance comparison of {Stellite 6®} deposited on steel using supersonic laser deposition and laser cladding},
   journal = {Surface and Coatings Technology},
   volume = {212},
   pages = {119-127},
   ISSN = {02578972},
   DOI = {10.1016/j.surfcoat.2012.09.031},
   year = {2012},
   type = {Journal Article}
}

@article{RN1392,
   author = {Luo, Fang and Rocco, Lupoi and Andrew, Cockburn and Martin, Sparkes and William, O’neill and Yao, Jian-hua},
   title = {Characteristics of {Stellite }6 Deposited by Supersonic Laser Deposition Under Optimized Parameters},
   journal = {Journal of Iron and Steel Research International},
   volume = {20},
   number = {2},
   pages = {52-57},
   ISSN = {1006-706X
2210-3988},
   DOI = {10.1016/s1006-706x(13)60056-4},
   year = {2013},
   type = {Journal Article}
}

@article{RN1406,
   author = {Lupoi, Rocco and Cockburn, Andrew and Bryan, Chris and Sparkes, Martin and Luo, Fang and O'Neill, William},
   title = {Hardfacing steel with nanostructured coatings of {Stellite-6} by supersonic laser deposition},
   journal = {Light: Science $\&$ Applications},
   volume = {1},
   number = {5},
   pages = {1-6},
   ISSN = {2047-7538},
   DOI = {10.1038/lsa.2012.10},
   year = {2012},
   type = {Journal Article}
}

@article{RN332,
   author = {Luzin, V. and Spencer, K. and Zhang, M. X.},
   title = {Residual stress and thermo-mechanical properties of cold spray metal coatings},
   journal = {Acta Materialia},
   volume = {59},
   number = {3},
   pages = {1259-1270},
   ISSN = {13596454},
   DOI = {10.1016/j.actamat.2010.10.058},
   year = {2011},
   type = {Journal Article}
}

@book{RN1375,
   author = {Maev, Roman Gr. and Leshchynsky, Volf},
   title = {Cold Gas Dynamic Spray},
   publisher = {CRC Press Taylor $\&$ Francis Group},
   address = {Boca Raton},
   year = {2016},
   type = {Book}
}

@article{RN378,
   author = {Maier, Benjamin and Lenling, Mia and Yeom, Hwasung and Johnson, Greg and Maloy, Stuart and Sridharan, Kumar},
   title = {A novel approach for manufacturing oxide dispersion strengthened {(ODS)} steel cladding tubes using cold spray technology},
   journal = {Nuclear Engineering and Technology},
   volume = {51},
   pages = {1069-1074},
   ISSN = {17385733},
   DOI = {10.1016/j.net.2019.01.015},
   year = {2019},
   type = {Journal Article}
}

@article{RN3391,
   author = {Mao, Xiaodong and Oh, Kyu Hwan and Kang, Suk Hoon and Kim, Tae Kyu and Jang, Jinsung},
   title = {On the coherency of {Y2Ti2O7} particles with austenitic matrix of oxide dispersion strengthened steel},
   journal = {Acta Materialia},
   volume = {89},
   pages = {141-152},
   ISSN = {13596454},
   DOI = {10.1016/j.actamat.2015.01.060},
   year = {2015},
   type = {Journal Article}
}

@inproceedings{RN399,
   author = {Marquis, Emmanuelle A. and Araullo-Peters, Vicente and Dong, Yan and Etienne, Auriane and Fedotova, Svetlana and Fujii, Katsuhiko and Fukuya, Koji and Kuleshova, Evgenia and Lopez, Anabelle and London, Andrew and Lozano-Perez, Sergio and Nagai, Yasuyoshi and Nishida, Kenji and Radiguet, Bertrand and Schreiber, Daniel and Soneda, Naoki and Thuvander, Mattias and Toyama, Takeshi and Sefta, Faiza and Chou, Peter},
   title = {On the Use of Density-Based Algorithms for the Analysis of Solute Clustering in Atom Probe Tomography Data},
   booktitle = {Proceedings of the 18th International Conference on Environmental Degradation of Materials in Nuclear Power Systems – Water Reactors},
   series = {The Minerals, Metals $\&$ Materials Series},
   pages = {881-897},
   ISBN = {978-3-319-68453-6
978-3-319-68454-3},
   DOI = {10.1007/978-3-030-04639-2_141},
   type = {Conference Proceedings}
}

@article{RN2620,
   author = {Marquis, E. A. and Vurpillot, F.},
   title = {Chromatic aberrations in the field evaporation behavior of small precipitates},
   journal = {Microsc Microanal},
   volume = {14},
   number = {6},
   pages = {561-70},
   ISSN = {1431-9276 (Print)
1431-9276 (Linking)},
   DOI = {10.1017/S1431927608080793},
   url = {https://www.ncbi.nlm.nih.gov/pubmed/18986609},
   year = {2008},
   type = {Journal Article}
}

@article{RN571,
   author = {Marrocco, T. and McCartney, D. G. and Shipway, P. H. and Sturgeon, A. J.},
   title = {Production of Titanium Deposits by Cold-Gas Dynamic Spray: Numerical Modeling and Experimental Characterization},
   journal = {Journal of Thermal Spray Technology},
   volume = {15},
   number = {2},
   pages = {263-272},
   ISSN = {10599630
00000000},
   DOI = {10.1361/105996306x108219},
   year = {2006},
   type = {Journal Article}
}

@article{RN2597,
   author = {Martin, T. L. and London, A. J. and Jenkins, B. and Hopkin, S. E. and Douglas, J. O. and Styman, P. D. and Bagot, P. A. J. and Moody, M. P.},
   title = {Comparing the Consistency of Atom Probe Tomography Measurements of Small-Scale Segregation and Clustering Between the {LEAP} 3000 and {LEAP} 5000 Instruments},
   journal = {Microsc Microanal},
   volume = {23},
   number = {2},
   pages = {227-237},
   ISSN = {1435-8115 (Electronic)
1431-9276 (Linking)},
   DOI = {10.1017/S1431927617000356},
   url = {https://www.ncbi.nlm.nih.gov/pubmed/28441978},
   year = {2017},
   type = {Journal Article}
}

@article{RN802,
   author = {Marzbanrad, Bahareh and Jahed, Hamid and Toyserkani, Ehsan},
   title = {On the evolution of substrate's residual stress during cold spray process: A parametric study},
   journal = {Materials $\&$ Design},
   volume = {138},
   pages = {90-102},
   ISSN = {02641275},
   DOI = {10.1016/j.matdes.2017.10.062},
   year = {2018},
   type = {Journal Article}
}

@article{RN1398,
   author = {Mates, S. and Stoudt, M. and Gangireddy, S.},
   title = {Measuring The Influence of Pearlite Dissolution on the Transient Dynamic Strength of Rapidly-Heated Plain Carbon Steels},
   journal = {JOM (1989)},
   volume = {68},
   number = {7},
   pages = {1832-1838},
   ISSN = {1047-4838 (Print)
1047-4838 (Linking)},
   DOI = {10.1007/s11837-016-1951-9},
   url = {https://www.ncbi.nlm.nih.gov/pubmed/28082822},
   year = {2016},
   type = {Journal Article}
}

@article{RN36,
   author = {Mathon, M. H. and Klosek, V. and de Carlan, Y. and Forest, L.},
   title = {Study of {PM}2000 microstructure evolution following {FSW} process},
   journal = {Journal of Nuclear Materials},
   volume = {386-388},
   pages = {475-478},
   ISSN = {00223115},
   DOI = {10.1016/j.jnucmat.2008.12.163},
   year = {2009},
   type = {Journal Article}
}

@article{RN537,
   author = {McCarroll, I. and Scherrer, B. and Felfer, P. and Moody, M. P. and Cairney, J. M.},
   title = {Interpreting Atom Probe Data from Oxide-Metal Interfaces},
   journal = {Microsc Microanal},
   volume = {24},
   number = {4},
   pages = {342-349},
   ISSN = {1435-8115 (Electronic)
1431-9276 (Linking)},
   DOI = {10.1017/S1431927618012370},
   url = {https://www.ncbi.nlm.nih.gov/pubmed/30175704},
   year = {2018},
   type = {Journal Article}
}

@article{RN29,
   author = {Miao, P. and Odette, G. R. and Gould, J. and Bernath, J. and Miller, R. and Alinger, M. and Zanis, C.},
   title = {The microstructure and strength properties of {MA957} nanostructured ferritic alloy joints produced by friction stir and electro-spark deposition welding},
   journal = {Journal of Nuclear Materials},
   volume = {367-370},
   pages = {1197-1202},
   ISSN = {00223115},
   DOI = {10.1016/j.jnucmat.2007.03.232},
   year = {2007},
   type = {Journal Article}
}

@article{RN2642,
   author = {Miller, M. K. and Kenik, E. A.},
   title = {Atom probe tomography: a technique for nanoscale characterization},
   journal = {Microsc Microanal},
   volume = {10},
   number = {3},
   pages = {336-41},
   ISSN = {1431-9276 (Print)
1431-9276 (Linking)},
   DOI = {10.1017/S1431927604040577},
   url = {https://www.ncbi.nlm.nih.gov/pubmed/15233851},
   year = {2004},
   type = {Journal Article}
}

@article{RN806,
   author = {Miller, M. K. and Longstreth-Spoor, L. and Kelton, K. F.},
   title = {Detecting density variations and nanovoids},
   journal = {Ultramicroscopy},
   volume = {111},
   number = {6},
   pages = {469-72},
   ISSN = {1879-2723 (Electronic)
0304-3991 (Linking)},
   DOI = {10.1016/j.ultramic.2011.01.027},
   url = {https://www.ncbi.nlm.nih.gov/pubmed/21664542},
   year = {2011},
   type = {Journal Article}
}

@article{RN2661,
   author = {Miller, M. K. and Russell, K. F. and Hoelzer, D. T.},
   title = {Characterization of precipitates in {MA/ODS} ferritic alloys},
   journal = {Journal of Nuclear Materials},
   volume = {351},
   number = {1-3},
   pages = {261-268},
   ISSN = {00223115},
   DOI = {10.1016/j.jnucmat.2006.02.004},
   year = {2006},
   type = {Journal Article}
}

@phdthesis{RN3432,
   author = {Miller, Mary Olivia},
   title = {As-Deposited Microstructure and Tensile Behavior of Solid-State Additive Manufactured {Ti-6Al-4V}},
   university = {The University of Alabama},
   year = {2019},
   type = {Thesis}
}

@article{RN583,
   author = {Mishra, R. S. and Ma, Z. Y.},
   title = {Friction stir welding and processing},
   journal = {Materials Science and Engineering: R: Reports},
   volume = {50},
   number = {1-2},
   pages = {1-78},
   ISSN = {0927796X},
   DOI = {10.1016/j.mser.2005.07.001},
   year = {2005},
   type = {Journal Article}
}

@article{RN3433,
   author = {Moe, P. T. and Salberg, B. and Rabben, K. and Halmrast, B. and Audestad, J. I. and Burnell-Gray, J. S. and Rudd, W.},
   title = {Shielded active gas forge welding – from laboratory to field experiments},
   journal = {International Journal of Material Forming},
   volume = {3},
   number = {S1},
   pages = {1027-1030},
   ISSN = {1960-6206
1960-6214},
   DOI = {10.1007/s12289-010-0945-3},
   year = {2010},
   type = {Journal Article}
}

@book{RN706,
   author = {Moridi, Atieh},
   title = {Powder Consolidation Using Cold Spray Process Modeling and Emerging Applications},
   publisher = {Springer},
   address = {Cham},
   series = {SpringerBriefs in Applied Sciences and Technology},
   ISBN = {978-3-319-29962-4},
   DOI = {10.1007/978-3-319-29962-4},
   year = {2017},
   type = {Book}
}

@article{RN1402,
   author = {Morimoto, Junji and Onoda, Tetuya and Sasaki, Yoh and Abe, Nobuyuki},
   title = {Improvement of solid cold sprayed {TiO2–Zn} coating with direct diode laser},
   journal = {Vacuum},
   volume = {73},
   number = {3-4},
   pages = {527-532},
   ISSN = {0042207X},
   DOI = {10.1016/j.vacuum.2003.12.157},
   year = {2004},
   type = {Journal Article}
}

@article{RN1454,
   author = {Mousavi, S.A.A. Akbarai and Kelishami, A. Rahbar},
   title = {Experimental and Numerical Analysis of the Friction Welding Process for the 4340 Steel and Mild Steel Combinations},
   journal = {Welding Research},
   volume = {87},
   pages = {178-186},
   year = {2008},
   type = {Journal Article}
}

@article{RN3428,
   author = {Munagala, Venkata Naga Vamsi and Akinyi, Valary and Vo, Phuong and Chromik, Richard R.},
   title = {Influence of Powder Morphology and Microstructure on the Cold Spray and Mechanical Properties of {Ti6Al4V} Coatings},
   journal = {Journal of Thermal Spray Technology},
   volume = {27},
   number = {5},
   pages = {827-842},
   ISSN = {1059-9630
1544-1016},
   DOI = {10.1007/s11666-018-0729-8},
   year = {2018},
   type = {Journal Article}
}

@inbook{RN1385,
   author = {Murray, Conal E. and Noyan, I. Cevdet},
   title = {Applied and Residual Stress Determination Using X-ray Diffraction},
   booktitle = {Practical Residual Stress Measurement Methods},
   editor = {Schaier, G.S.},
   publisher = {John Wiley $\&$ Sons},
   address = {West Sussex},
   edition = {1},
   ISBN = {978-1-118-34237-4},
   year = {2013},
   type = {Book Section}
}

@article{RN282,
   author = {Odeshi, A. G. and Al-ameeri, S. and Bassim, M. N.},
   title = {Effect of high strain rate on plastic deformation of a low alloy steel subjected to ballistic impact},
   journal = {Journal of Materials Processing Technology},
   volume = {162-163},
   pages = {385-391},
   ISSN = {09240136},
   DOI = {10.1016/j.jmatprotec.2005.02.157},
   year = {2005},
   type = {Journal Article}
}

@article{RN2289,
   author = {Olakanmi, E. O.},
   title = {Optimization of the Quality Characteristics of Laser-Assisted Cold-Sprayed {(LACS)} Aluminum Coatings with {Taguchi} Design of Experiments {(DOE)}},
   journal = {Materials and Manufacturing Processes},
   volume = {31},
   number = {11},
   pages = {1490-1499},
   ISSN = {1042-6914
1532-2475},
   DOI = {10.1080/10426914.2014.984306},
   year = {2014},
   type = {Journal Article}
}

@article{RN597,
   author = {Olakanmi, E. O. and Doyoyo, M.},
   title = {Laser-Assisted Cold-Sprayed Corrosion- and Wear-Resistant Coatings: A Review},
   journal = {Journal of Thermal Spray Technology},
   volume = {23},
   number = {5},
   pages = {765-785},
   ISSN = {1059-9630
1544-1016},
   DOI = {10.1007/s11666-014-0098-x},
   year = {2014},
   type = {Journal Article}
}

@article{RN404,
   author = {Olakanmi, E. O. and Tlotleng, M. and Meacock, C. and Pityana, S. and Doyoyo, M.},
   title = {Deposition Mechanism and Microstructure of Laser-Assisted Cold-Sprayed {(LACS)} {Al}-12 wt.$\%${Si} Coatings: Effects of Laser Power},
   journal = {Jom},
   volume = {65},
   number = {6},
   pages = {776-783},
   ISSN = {1047-4838
1543-1851},
   DOI = {10.1007/s11837-013-0611-6},
   year = {2013},
   type = {Journal Article}
}

@article{RN674,
   author = {Owolabi, Gbadebo and Odoh, Daniel and Odeshi, Akindele and Whitworth, Horace},
   title = {Occurrence of Dynamic Shear Bands in {AISI} 4340 Steel under Impact Loads},
   journal = {World Journal of Mechanics},
   volume = {03},
   number = {02},
   pages = {139-145},
   ISSN = {2160-049X
2160-0503},
   DOI = {10.4236/wjm.2013.32011},
   year = {2013},
   type = {Journal Article}
}

@article{RN3430,
   author = {Peng, Z. and Vurpillot, F. and Choi, P. P. and Li, Y. and Raabe, D. and Gault, B.},
   title = {On the detection of multiple events in atom probe tomography},
   journal = {Ultramicroscopy},
   volume = {189},
   pages = {54-60},
   ISSN = {1879-2723 (Electronic)
0304-3991 (Linking)},
   DOI = {10.1016/j.ultramic.2018.03.018},
   url = {https://www.ncbi.nlm.nih.gov/pubmed/29614395},
   year = {2018},
   type = {Journal Article}
}

@techreport{RN422,
   author = {Philipchuk, Vasil},
   title = {Explosive Welding},
   institution = {American Potash $\&$ Chemical Corporation National Northern Division},
   year = {1961},
   type = {Report}
}

@article{RN413,
   author = {Portnoi, V. K. and Leonov, A. V. and Mudretsova, S. N. and Fedotov, S. A.},
   title = {Formation of nickel carbide in the course of deformation treatment of {Ni-C} mixtures},
   journal = {The Physics of Metals and Metallography},
   volume = {109},
   number = {2},
   pages = {153-161},
   ISSN = {0031-918X
1555-6190},
   DOI = {10.1134/s0031918x10020079},
   year = {2010},
   type = {Journal Article}
}

@article{RN3434,
   title = {Patent 4756465},
   year = {1988},
}

@article{RN1137,
   author = {Price, T. S. and Shipway, P. H. and McCartney, D. G.},
   title = {Effect of Cold Spray Deposition of a Titanium Coating on Fatigue Behavior of a Titanium Alloy},
   journal = {Journal of Thermal Spray Technology},
   volume = {15},
   number = {4},
   pages = {507-512},
   ISSN = {10599630
00000000},
   DOI = {10.1361/105996306x147108},
   year = {2006},
   type = {Journal Article}
}

@article{RN438,
   author = {Rai, R. and De, A. and Bhadeshia, H. K. D. H. and DebRoy, T.},
   title = {Review: friction stir welding tools},
   journal = {Science and Technology of Welding and Joining},
   volume = {16},
   number = {4},
   pages = {325-342},
   ISSN = {1362-1718
1743-2936},
   DOI = {10.1179/1362171811y.0000000023},
   year = {2013},
   type = {Journal Article}
}

@article{RN735,
   author = {Ramar, A. and Baluc, N. and Schäublin, R.},
   title = {On the lattice coherency of oxide particles dispersed in {EUROFER}97},
   journal = {Journal of Nuclear Materials},
   volume = {386-388},
   pages = {515-519},
   ISSN = {00223115},
   DOI = {10.1016/j.jnucmat.2008.12.137},
   year = {2009},
   type = {Journal Article}
}

@inbook{RN3440,
   author = {Rao, Prahalad K.},
   title = {Process Monitoring and Control},
   booktitle = {Laser-Based Additive Manufacturing of Metal Parts},
   editor = {Bian, Linkan and Shamsaei, Nima and Usher, John M.},
   pages = {165-216},
   year = {2018},
   type = {Book Section}
}

@article{RN1405,
   author = {Raoelison, R. N. and Verdy, Ch and Liao, H.},
   title = {Cold gas dynamic spray additive manufacturing today: Deposit possibilities, technological solutions and viable applications},
   journal = {Materials $\&$ Design},
   volume = {133},
   pages = {266-287},
   ISSN = {02641275},
   DOI = {10.1016/j.matdes.2017.07.067},
   year = {2017},
   type = {Journal Article}
}

@article{RN1142,
   author = {Rech, Silvano and Trentin, Andrea and Vezzù, Simone and Legoux, Jean-Gabriel and Irissou, Eric and Guagliano, Mario},
   title = {Influence of Pre-Heated {Al} 6061 Substrate Temperature on the Residual Stresses of Multipass {Al} Coatings Deposited by Cold Spray},
   journal = {Journal of Thermal Spray Technology},
   volume = {20},
   number = {1-2},
   pages = {243-251},
   ISSN = {1059-9630
1544-1016},
   DOI = {10.1007/s11666-010-9596-7},
   year = {2010},
   type = {Journal Article}
}

@article{RN382,
   author = {Rogozhkin, S. and Bogachev, A. and Korchuganova, O. and Nikitin, A. and Orlov, N. and Aleev, A. and Zaluzhnyi, A. and Kozodaev, M. and Kulevoy, T. and Chalykh, B. and Lindau, R. and Hoffmann, J. and Möslang, A. and Vladimirov, P. and Klimenkov, M. and Heilmaier, M. and Wagner, J. and Seils, S.},
   title = {Nanostructure evolution in {ODS} steels under ion irradiation},
   journal = {Nuclear Materials and Energy},
   volume = {9},
   pages = {66-74},
   ISSN = {23521791},
   DOI = {10.1016/j.nme.2016.06.011},
   year = {2016},
   type = {Journal Article}
}

@article{RN626,
   author = {Rokni, M. R. and Widener, C. A. and Champagne, V. R.},
   title = {Microstructural Evolution of 6061 Aluminum Gas-Atomized Powder and High-Pressure Cold-Sprayed Deposition},
   journal = {Journal of Thermal Spray Technology},
   volume = {23},
   number = {3},
   pages = {514-524},
   ISSN = {1059-9630
1544-1016},
   DOI = {10.1007/s11666-013-0049-y},
   year = {2013},
   type = {Journal Article}
}

@article{RN1890,
   author = {Rokni, M. R. and Widener, C. A. and Nardi, A. T. and Champagne, V. K.},
   title = {Nano crystalline high energy milled 5083 {Al} powder deposited using cold spray},
   journal = {Applied Surface Science},
   volume = {305},
   pages = {797-804},
   ISSN = {01694332},
   DOI = {10.1016/j.apsusc.2014.04.010},
   year = {2014},
   type = {Journal Article}
}

@book{RN3453,
   author = {Rumble, J. R.},
   title = {{CRC} Handbook of Chemistry and Physics,},
   publisher = {CRC Press Taylor $\&$ Francis},
   address = {Boca Raton},
   edition = {98th},
   year = {2018},
   type = {Book}
}

@article{RN641,
   author = {Sabard, A. and de Villiers Lovelock, H. L. and Hussain, T.},
   title = {Microstructural Evolution in Solution Heat Treatment of Gas-Atomized {Al} Alloy (7075) Powder for Cold Spray},
   journal = {Journal of Thermal Spray Technology},
   volume = {27},
   number = {1-2},
   pages = {145-158},
   ISSN = {1059-9630
1544-1016},
   DOI = {10.1007/s11666-017-0662-2},
   year = {2017},
   type = {Journal Article}
}

@article{RN114,
   author = {Saber, Mostafa and Xu, Weizong and Li, Lulu and Zhu, Yuntian and Koch, Carl C. and Scattergood, Ronald O.},
   title = {Size effect of primary {Y}\textsubscript{2}{O}\textsubscript{3} additions on the characteristics of the nanostructured ferritic {ODS} alloys: Comparing as-milled and as-milled/annealed alloys using {S/TEM}},
   journal = {Journal of Nuclear Materials},
   volume = {452},
   number = {1-3},
   pages = {223-229},
   ISSN = {00223115},
   DOI = {10.1016/j.jnucmat.2014.05.014},
   year = {2014},
   type = {Journal Article}
}

@article{RN1155,
   author = {Sakkiettibutra, J. and Kamau, E. N.},
   title = {Influence of austenitisation and transformation hardening on the residual stress development of laser beam treated components made of {20MnCr5}},
   journal = {Materialwissenschaft und Werkstofftechnik},
   volume = {43},
   number = {1-2},
   pages = {171-177},
   ISSN = {09335137},
   DOI = {10.1002/mawe.201100906},
   year = {2012},
   type = {Journal Article}
}

@article{RN2263,
   author = {Saleh, Michael and Luzin, Vladimir and Spencer, Kevin},
   title = {Analysis of the residual stress and bonding mechanism in the cold spray technique using experimental and numerical methods},
   journal = {Surface and Coatings Technology},
   volume = {252},
   pages = {15-28},
   ISSN = {02578972},
   DOI = {10.1016/j.surfcoat.2014.04.059},
   year = {2014},
   type = {Journal Article}
}

@article{RN106,
   author = {Schäublin, R. and Ramar, A. and Baluc, N. and de Castro, V. and Monge, M. A. and Leguey, T. and Schmid, N. and Bonjour, C.},
   title = {Microstructural development under irradiation in {E}uropean {ODS} ferritic/martensitic steels},
   journal = {Journal of Nuclear Materials},
   volume = {351},
   number = {1-3},
   pages = {247-260},
   ISSN = {00223115},
   DOI = {10.1016/j.jnucmat.2006.02.005},
   year = {2006},
   type = {Journal Article}
}

@article{RN3429,
   author = {Scherrer, P.},
   title = {Bestimmung der Größe und der inneren Struktur von Kolloidteilchen mittels Röntgenstrahlen},
   journal = {Nachrichten von der Gesellschaft der Wissenschaften zu Göttingen},
   pages = {98-100},
   year = {1918},
   type = {Journal Article}
}

@article{RN1685,
   author = {Schmidt, Tobias and Assadi, Hamid and Gärtner, Frank and Richter, Horst and Stoltenhoff, Thorsten and Kreye, Heinrich and Klassen, Thomas},
   title = {From Particle Acceleration to Impact and Bonding in Cold Spraying},
   journal = {Journal of Thermal Spray Technology},
   volume = {18},
   number = {5-6},
   pages = {794-808},
   ISSN = {1059-9630
1544-1016},
   DOI = {10.1007/s11666-009-9357-7},
   year = {2009},
   type = {Journal Article}
}

@phdthesis{RN719,
   author = {Seal, Ritesh Kumar},
   title = {New Ultra-Low Carbon High Strength Steels with Improved Bake Hardenability for Enhanced Stretch Formability and Dent Resistance},
   university = {University of Pittsburgh},
   year = {2006},
   type = {Thesis}
}

@inproceedings{RN3439,
   author = {Shaikh, Saquib and Kumar, Narendra and Jain, Prashant K. and Puneet, Tandon},
   title = {Hilbert Curve Based Toolpath for {FDM} Process},
   booktitle = {{CAD/CAM}, Robotics and Factories of the Future: Proceedings of the 28th International Conference on {CAR}s $\&$ {FoF}},
   editor = {Kumar, Dipak and Syan, Singh Chanan},
   publisher = {Springer},
   pages = {751-759},
   type = {Conference Proceedings}
}

@article{RN3010,
   author = {Singh, R. and Schruefer, S. and Wilson, S. and Gibmeier, J. and Vassen, R.},
   title = {Influence of coating thickness on residual stress and adhesion-strength of cold-sprayed {Inconel} 718 coatings},
   journal = {Surface and Coatings Technology},
   volume = {350},
   pages = {64-73},
   ISSN = {02578972},
   DOI = {10.1016/j.surfcoat.2018.06.080},
   year = {2018},
   type = {Journal Article}
}

@article{RN1383,
   author = {Sova, A. and Grigoriev, S. and Okunkova, A. and Smurov, I.},
   title = {Cold spray deposition of 316{L} stainless steel coatings on aluminium surface with following laser post-treatment},
   journal = {Surface and Coatings Technology},
   volume = {235},
   pages = {283-289},
   ISSN = {02578972},
   DOI = {10.1016/j.surfcoat.2013.07.052},
   year = {2013},
   type = {Journal Article}
}

@article{RN1114,
   author = {Stephenson, L. T. and Moody, M. P. and Liddicoat, P. V. and Ringer, S. P.},
   title = {New techniques for the analysis of fine-scaled clustering phenomena within atom probe tomography {(APT)} data},
   journal = {Microsc Microanal},
   volume = {13},
   number = {6},
   pages = {448-63},
   ISSN = {1431-9276 (Print)
1431-9276 (Linking)},
   DOI = {10.1017/S1431927607070900},
   url = {https://www.ncbi.nlm.nih.gov/pubmed/18001511},
   year = {2007},
   type = {Journal Article}
}

@phdthesis{RN720,
   author = {Story, William Andrew},
   title = {Processing-microstructure-property relations in high pressure cold spray deposition of {AA}2024 and {AA}7075},
   university = {The Unviersity of Alabama},
   year = {2018},
   type = {Thesis}
}

@article{RN383,
   author = {Story, William A. and Barton, Dallin J. and Hornbuckle, B. Chad and Darling, Kristopher A. and Thompson, Gregory B. and Brewer, Luke N.},
   title = {Laser assisted cold spray of {Fe–Ni–Zr} oxide dispersion strengthened steel},
   journal = {Materialia},
   volume = {3},
   pages = {239-242},
   ISSN = {25891529},
   DOI = {10.1016/j.mtla.2018.08.028},
   year = {2018},
   type = {Journal Article}
}

@article{RN145,
   author = {Straßberger, Luis and Chauhan, Ankur and Gräning, Tim and Czink, Steffen and Aktaa, Jarir},
   title = {High-temperature low-cycle fatigue behavior of novel austenitic {ODS} steels},
   journal = {International Journal of Fatigue},
   volume = {93},
   pages = {194-200},
   ISSN = {01421123},
   DOI = {10.1016/j.ijfatigue.2016.08.018},
   year = {2016},
   type = {Journal Article}
}

@article{RN1172,
   author = {Sudharshan Phani, P. and Srinivasa Rao, D. and Joshi, S. V. and Sundararajan, G.},
   title = {Effect of Process Parameters and Heat Treatments on Properties of Cold Sprayed Copper Coatings},
   journal = {Journal of Thermal Spray Technology},
   volume = {16},
   number = {3},
   pages = {425-434},
   ISSN = {1059-9630
1544-1016},
   DOI = {10.1007/s11666-007-9048-1},
   year = {2007},
   type = {Journal Article}
}

@article{RN857,
   author = {Suhonen, T. and Varis, T. and Dosta, S. and Torrell, M. and Guilemany, J. M.},
   title = {Residual stress development in cold sprayed {Al}, {Cu} and {Ti} coatings},
   journal = {Acta Materialia},
   volume = {61},
   number = {17},
   pages = {6329-6337},
   ISSN = {13596454},
   DOI = {10.1016/j.actamat.2013.06.033},
   year = {2013},
   type = {Journal Article}
}

@article{RN1177,
   author = {Suryanarayana, C.},
   title = {Mechanical alloying and milling},
   journal = {Progress in Materials Science},
   volume = {46},
   pages = {1-184},
   year = {2001},
   type = {Journal Article}
}

@article{RN557,
   author = {Tessier, F. and Navrotsky, A. and Niewa, R. and Leineweber, A. and Jacobs, H. and Kikkawa, S. and Takahashi, M. and Kanamaru, F. and DiSalvo, F. J.},
   title = {Energetics of binary iron nitrides},
   journal = {Solid State Sciences},
   volume = {2},
   number = {4},
   pages = {457-462},
   ISSN = {12932558},
   DOI = {10.1016/s1293-2558(00)00151-5},
   year = {2000},
   type = {Journal Article}
}

@article{RN828,
   author = {Tölle, F. and Gumenyuk, A. and Backhaus, A. and Olschok, S. and Rethmeier, M. and Reisgen, U.},
   title = {Welding residual stress reduction by scanning of a defocused beam},
   journal = {Journal of Materials Processing Technology},
   volume = {212},
   number = {1},
   pages = {19-26},
   ISSN = {09240136},
   DOI = {10.1016/j.jmatprotec.2011.07.019},
   year = {2012},
   type = {Journal Article}
}

@article{RN1447,
   author = {Tomita, Yoshiyuki and Okabayashi, Kunio},
   title = {Effect of Quench Rate on Microstructure and Tensile Properties of {AISI} 4320 and 4340 Steels},
   journal = {Metallurgical Transactions A},
   volume = {18},
   number = {A},
   pages = {115-121},
   year = {1987},
   type = {Journal Article}
}

@article{RN210,
   author = {Torres, K. L. and Daniil, M. and Willard, M. A. and Thompson, G. B.},
   title = {The influence of voxel size on atom probe tomography data},
   journal = {Ultramicroscopy},
   volume = {111},
   number = {6},
   pages = {464-8},
   ISSN = {1879-2723 (Electronic)
0304-3991 (Linking)},
   DOI = {10.1016/j.ultramic.2011.01.001},
   url = {https://www.ncbi.nlm.nih.gov/pubmed/21664541},
   year = {2011},
   type = {Journal Article}
}

@article{RN95,
   author = {Ukai, Shigeharu and Fujiwara, Masayuki},
   title = {Perspective of {ODS} alloys application in nuclear environments},
   journal = {Journal of Nuclear Materials},
   volume = {307-311},
   pages = {749-757},
   ISSN = {00223115},
   DOI = {10.1016/S0022-3115(02)01043-7},
   year = {2002},
   type = {Journal Article}
}

@article{RN1358,
   author = {Ukai, S. and Harada, M. and Okada, H. and Inoue, M. and Nomura, S. and Shikakura, S. and Asabe, K. and Nishida, A. and Fujiwara, M.},
   title = {Alloying design of oxide dispersion strengthened ferritic steel for long life {FBR}s core materials},
   journal = {Journal of Nuclear Materials},
   volume = {204},
   pages = {65-73},
   year = {1993},
   type = {Journal Article}
}

@article{RN971,
   author = {Ukai, Shigeharu and Mizuta, Shunji and Fujiwara, Masayuki and Okuda, Takanari and Kobayashi, Toshimi},
   title = {Development of {9Cr-ODS} Martensitic Steel Claddings for Fuel Pins by means of Ferrite to Austenite Phase Transformation},
   journal = {Journal of Nuclear Science and Technology},
   volume = {39},
   number = {7},
   pages = {778-788},
   ISSN = {0022-3131
1881-1248},
   DOI = {10.1080/18811248.2002.9715260},
   year = {2002},
   type = {Journal Article}
}

@article{RN225,
   author = {Unifantowicz, P. and Oksiuta, Z. and Olier, P. and de Carlan, Y. and Baluc, N.},
   title = {Microstructure and mechanical properties of an {ODS RAF} steel fabricated by hot extrusion or hot isostatic pressing},
   journal = {Fusion Engineering and Design},
   volume = {86},
   number = {9-11},
   pages = {2413-2416},
   ISSN = {09203796},
   DOI = {10.1016/j.fusengdes.2011.01.022},
   year = {2011},
   type = {Journal Article}
}

@article{RN140,
   author = {Valiev, Ruslan Z. and Langdon, Terence G.},
   title = {Principles of equal-channel angular pressing as a processing tool for grain refinement},
   journal = {Progress in Materials Science},
   volume = {51},
   number = {7},
   pages = {881-981},
   ISSN = {00796425},
   DOI = {10.1016/j.pmatsci.2006.02.003},
   year = {2006},
   type = {Journal Article}
}

@article{RN1132,
   author = {Ventelon, Lisa and Lüthi, B. and Clouet, E. and Proville, L. and Legrand, B. and Rodney, D. and Willaime, F.},
   title = {Dislocation core reconstruction induced by carbon segregation in bcc iron},
   journal = {Physical Review B},
   volume = {91},
   number = {22},
   ISSN = {1098-0121
1550-235X},
   DOI = {10.1103/PhysRevB.91.220102},
   year = {2015},
   type = {Journal Article}
}

@article{RN180,
   author = {Villa, M. and Dosta, S. and Guilemany, J. M.},
   title = {Optimization of 316L stainless steel coatings on light alloys using Cold Gas Spray},
   journal = {Surface and Coatings Technology},
   volume = {235},
   pages = {220-225},
   ISSN = {02578972},
   DOI = {10.1016/j.surfcoat.2013.07.036},
   year = {2013},
   type = {Journal Article}
}

@book{RN1395,
   author = {Villafuerte, Julio},
   title = {Modern Cold Spray Materials, Process, and Applications},
   publisher = {Springer},
   address = {Cham},
   year = {2015},
   type = {Book}
}

@article{RN3375,
   author = {Vlcek, J. and Gimeno, L. and Huber, H. and Lugscheider, E.},
   title = {A Systematic Approach to Material Eligibility for the Cold-Spray Process},
   journal = {Journal of Thermal Spray Technology},
   volume = {14},
   number = {1},
   pages = {125-133},
   ISSN = {10599630
00000000},
   DOI = {10.1361/10599630522738},
   year = {2005},
   type = {Journal Article}
}

@article{RN3367,
   author = {Vogel, F. and Ngai, S. and Smith, C. J. and Holler, R. and Thompson, G. B.},
   title = {Complex evaporation behavior of a transition metal carbo-nitride {(Hf(C,N))} studied by atom probe tomography},
   journal = {Ultramicroscopy},
   volume = {194},
   pages = {154-166},
   ISSN = {1879-2723 (Electronic)
0304-3991 (Linking)},
   DOI = {10.1016/j.ultramic.2018.08.004},
   url = {https://www.ncbi.nlm.nih.gov/pubmed/30145380},
   year = {2018},
   type = {Journal Article}
}

@article{RN2627,
   author = {Vogel, F. and Ngai, S. and Smith, C. J. and Holler, R. and Weinberger, C. R. and Wanderka, N. and Thompson, G. B.},
   title = {Carbide and nitride phase characterization in a transition metal carbo-nitride using x-ray spectroscopy and atom probe tomography},
   journal = {Micron},
   volume = {122},
   pages = {32-40},
   ISSN = {1878-4291 (Electronic)
0968-4328 (Linking)},
   DOI = {10.1016/j.micron.2019.04.005},
   url = {https://www.ncbi.nlm.nih.gov/pubmed/31055153},
   year = {2019},
   type = {Journal Article}
}

@article{RN2630,
   author = {Wang, J. and Schreiber, D. K. and Bailey, N. and Hosemann, P. and Toloczko, M. B.},
   title = {The Application of the {OPTICS} Algorithm to Cluster Analysis in Atom Probe Tomography Data},
   journal = {Microsc Microanal},
   pages = {1-11},
   ISSN = {1435-8115 (Electronic)
1431-9276 (Linking)},
   DOI = {10.1017/S1431927618015386},
   url = {https://www.ncbi.nlm.nih.gov/pubmed/30846021},
   year = {2019},
   type = {Journal Article}
}

@article{RN3442,
   author = {Wang, Xudong and Zhang, Bo and Lv, Jinsheng and Yin, Shuo},
   title = {Investigation on the Clogging Behavior and Additional Wall Cooling for the Axial-Injection Cold Spray Nozzle},
   journal = {Journal of Thermal Spray Technology},
   volume = {24},
   number = {4},
   pages = {696-701},
   ISSN = {1059-9630
1544-1016},
   DOI = {10.1007/s11666-015-0227-1},
   year = {2015},
   type = {Journal Article}
}

@inbook{RN3411,
   author = {Wei, Qiuming and Kecskes, Laszlo J.},
   title = {Dynamic Mechanical Behavior of Ultrafine and Nanocrystalline Refractory Metals},
   booktitle = {Mechanical Properties of Nanocrystalline Materials},
   editor = {Li, James C. M.},
   publisher = {Pan Stanford},
   address = {Singapore},
   pages = {213-243},
   year = {2011},
   type = {Book Section}
}

@inbook{RN3410,
   author = {Weng, George J.},
   title = {A Composite Model of Nanocrystalline Materials},
   booktitle = {Mechanical Properties of Nanocrystalline Materials},
   editor = {Li, James C. M.},
   publisher = {Pan Stanford},
   address = {Singapore},
   pages = {93-131},
   year = {2011},
   type = {Book Section}
}

@article{RN147,
   author = {White, B. C. and Story, W. A. and Brewer, L. N. and Jordon, J. B.},
   title = {Fatigue behavior of freestanding {AA}2024 and {AA}7075 cold spray deposits},
   journal = {International Journal of Fatigue},
   volume = {112},
   pages = {355-360},
   ISSN = {01421123},
   DOI = {10.1016/j.ijfatigue.2018.03.007},
   year = {2018},
   type = {Journal Article}
}

@article{RN807,
   author = {Williams, C. A. and Haley, D. and Marquis, E. A. and Smith, G. D. and Moody, M. P.},
   title = {Defining clusters in {APT} reconstructions of {ODS} steels},
   journal = {Ultramicroscopy},
   volume = {132},
   pages = {271-8},
   ISSN = {1879-2723 (Electronic)
0304-3991 (Linking)},
   DOI = {10.1016/j.ultramic.2012.12.011},
   url = {https://www.ncbi.nlm.nih.gov/pubmed/23333081},
   year = {2013},
   type = {Journal Article}
}

@article{RN1449,
   author = {Wittman, C.L. and Meyers, M.A. and Pak, H.-r.},
   title = {Observation of an Adiabatic Shear Band in {AISI} 4340 Steel by High-Voltage Transmission Electron Microscopy},
   journal = {Metallurgical Transactions A},
   volume = {21},
   number = {A},
   pages = {707-716},
   year = {1990},
   type = {Journal Article}
}

@article{RN678,
   author = {Wong, Wilson and Irissou, Eric and Ryabinin, Anatoly N. and Legoux, Jean-Gabriel and Yue, Stephen},
   title = {Influence of Helium and Nitrogen Gases on the Properties of Cold Gas Dynamic Sprayed Pure Titanium Coatings},
   journal = {Journal of Thermal Spray Technology},
   volume = {20},
   number = {1-2},
   pages = {213-226},
   ISSN = {1059-9630
1544-1016},
   DOI = {10.1007/s11666-010-9568-y},
   year = {2010},
   type = {Journal Article}
}

@article{RN679,
   author = {Wong, W. and Vo, P. and Irissou, E. and Ryabinin, A. N. and Legoux, J. G. and Yue, S.},
   title = {Effect of Particle Morphology and Size Distribution on Cold-Sprayed Pure Titanium Coatings},
   journal = {Journal of Thermal Spray Technology},
   volume = {22},
   number = {7},
   pages = {1140-1153},
   ISSN = {1059-9630
1544-1016},
   DOI = {10.1007/s11666-013-9951-6},
   year = {2013},
   type = {Journal Article}
}

@article{RN2278,
   author = {Yang, Kang and Li, Wenya and Yang, Xiawei and Xu, Yaxin},
   title = {Anisotropic response of cold sprayed copper deposits},
   journal = {Surface and Coatings Technology},
   volume = {335},
   pages = {219-227},
   ISSN = {02578972},
   DOI = {10.1016/j.surfcoat.2017.12.043},
   year = {2018},
   type = {Journal Article}
}

@article{RN1390,
   author = {Yao, Jianhua and Li, Zhihong and Li, Bo and Yang, Lijing},
   title = {Characteristics and bonding behavior of {Stellite} 6 alloy coating processed with supersonic laser deposition},
   journal = {Journal of Alloys and Compounds},
   volume = {661},
   pages = {526-534},
   ISSN = {09258388},
   DOI = {10.1016/j.jallcom.2015.11.077},
   year = {2016},
   type = {Journal Article}
}

@article{RN1407,
   author = {Yao, Jianhua and Yang, Lijing and Li, Bo and Li, Zhihong},
   title = {Beneficial effects of laser irradiation on the deposition process of diamond/{Ni60} composite coating with cold spray},
   journal = {Applied Surface Science},
   volume = {330},
   pages = {300-308},
   ISSN = {01694332},
   DOI = {10.1016/j.apsusc.2015.01.029},
   year = {2015},
   type = {Journal Article}
}

@article{RN1386,
   author = {Yao, J.H. and Yang, L.J. and Li, B. and Zhang, Q.L. and Li, Z.H.},
   title = {Depoisition Characterisitics and Microstructure of a {Ni60-Ni} Composite Coating Produced by Supersonic Laser Deposition},
   journal = {Lasers in Engineering},
   volume = {36},
   pages = {117-131},
   year = {2017},
   type = {Journal Article}
}

@article{RN817,
   author = {Yin, Shuo and Jenkins, Richard and Yan, Xingchen and Lupoi, Rocco},
   title = {Microstructure and mechanical anisotropy of additively manufactured cold spray copper deposits},
   journal = {Materials Science and Engineering: A},
   volume = {734},
   pages = {67-76},
   ISSN = {09215093},
   DOI = {10.1016/j.msea.2018.07.096},
   year = {2018},
   type = {Journal Article}
}

@article{RN683,
   author = {Yoon, Kevin E. and Noebe, Ronald D. and Hellman, Olof C. and Seidman, David N.},
   title = {Dependence of interfacial excess on the threshold value of the isoconcentration surface},
   journal = {Surface and Interface Analysis},
   volume = {36},
   number = {56},
   pages = {594-597},
   ISSN = {0142-2421
1096-9918},
   DOI = {10.1002/sia.1708},
   year = {2004},
   type = {Journal Article}
}

@article{RN632,
   author = {Zelenty, J. and Dahl, A. and Hyde, J. and Smith, G. D. W. and Moody, M. P.},
   title = {Detecting Clusters in Atom Probe Data with Gaussian Mixture Models},
   journal = {Microsc Microanal},
   volume = {23},
   number = {2},
   pages = {269-278},
   ISSN = {1435-8115 (Electronic)
1431-9276 (Linking)},
   DOI = {10.1017/S1431927617000320},
   url = {https://www.ncbi.nlm.nih.gov/pubmed/28441977},
   year = {2017},
   type = {Journal Article}
}

@article{RN1209,
   author = {Zhang, C. H. and Yang, Y. T. and Song, Y. and Chen, J. and Zhang, L. Q. and Jang, J. and Kimura, A.},
   title = {Irradiation response of {ODS} ferritic steels to high-energy {Ne} ions at {HIRFL}},
   journal = {Journal of Nuclear Materials},
   volume = {455},
   number = {1-3},
   pages = {61-67},
   ISSN = {00223115},
   DOI = {10.1016/j.jnucmat.2014.04.015},
   year = {2014},
   type = {Journal Article}
}

@article{RN3459,
   author = {Barton, Dallin J. and Bhattiprolu, Venkata Satish and Hornbuckle, B. Chad and Batali, Clio M. and Darling, Kristopher A. and Thompson, Gregory B. and Brewer, Luke N.},
   title = {Residual Stress Generation in Laser Assisted Cold Spray Deposition of Oxide Dispersion Strengthened {Fe-8Ni-1Zr}},
   journal = {Journal of Thermal Spray Technology},
   pages = {Under Review},
   year = {2020},
   type = {Journal Article}
}

@article{RN3458,
   author = {Dowding, Ian and Hassani, Mostafa and Sun, Yuchen and Veysset, David and Nelson, Keith A. and Schuh, Christopher A.},
   title = {Particle Size Effects in Metallic Microparticle Impact-Bonding},
   journal = {Acta Materialia},
   ISSN = {13596454},
   DOI = {10.1016/j.actamat.2020.04.044},
   year = {2020},
   type = {Journal Article}
}

@article{RN1370,
   author = {Bhatia, M. A. and Groh, S. and Solanki, K. N.},
   title = {Atomic-scale investigation of point defects and hydrogen-solute atmospheres on the edge dislocation mobility in alpha iron},
   journal = {Journal of Applied Physics},
   volume = {116},
   number = {6},
   ISSN = {0021-8979
1089-7550},
   DOI = {10.1063/1.4892630},
   year = {2014},
   type = {Journal Article}
}

@book{RN705,
   author = {Dieter, George E.},
   title = {Mechanical Metallurgy},
   publisher = {McGraw-Hill Book Company},
   address = {New York},
   year = {1961},
   type = {Book}
}

@book{RN23,
   author = {Askill, John},
   title = {Tracer Diffusion Data for Metals, Alloys, and Simple Oxides},
   publisher = {Plenum Publishing},
   address = {New York},
   year = {1970},
   type = {Book}
}

@book{RN3460,
   author = {Totemeier, T. C. and Smithells, G. W. F.},
   title = {Metals Reference Book},
   publisher = {Elsevier-Heinemann Publications},
   address = {The Netherlands},
   edition = {8th},
   year = {2004},
   type = {Book}
}

@article{RN1372,
   author = {Song, B. and Nishida, E. and Sanborn, B. and Maguire, M. and Adams, D. and Carroll, J. and Wise, J. and Reedlunn, B. and Bishop, J. and Palmer, T.},
   title = {Compressive and Tensile Stress–Strain Responses of Additively Manufactured {(AM)} 304{L} Stainless Steel at High Strain Rates},
   journal = {Journal of Dynamic Behavior of Materials},
   volume = {3},
   number = {3},
   pages = {412-425},
   ISSN = {2199-7446
2199-7454},
   DOI = {10.1007/s40870-017-0122-6},
   year = {2017},
   type = {Journal Article}
}

@article{RN265,
   author = {Alam, M. E. and Pal, S. and Fields, K. and Maloy, S. A. and Hoelzer, D. T. and Odette, G. R.},
   title = {Tensile deformation and fracture properties of a 14{YWT} nanostructured ferritic alloy},
   journal = {Materials Science and Engineering: A},
   volume = {675},
   pages = {437-448},
   ISSN = {09215093},
   DOI = {10.1016/j.msea.2016.08.051},
   year = {2016},
   type = {Journal Article}
}

@article{RN916,
   author = {Andrievski, R. A.},
   title = {Review of thermal stability of nanomaterials},
   journal = {Journal of Materials Science},
   volume = {49},
   number = {4},
   pages = {1449-1460},
   ISSN = {0022-2461
1573-4803},
   DOI = {10.1007/s10853-013-7836-1},
   year = {2013},
   type = {Journal Article}
}

@article{RN925,
   author = {Baker, B. W. and Brewer, L. N.},
   title = {Evaluation of liquid metal embrittlement susceptibility of oxide dispersion strengthened steel {MA}956},
   journal = {Journal of Nuclear Materials},
   volume = {453},
   number = {1-3},
   pages = {239-246},
   ISSN = {00223115},
   DOI = {10.1016/j.jnucmat.2014.07.014},
   year = {2014},
   type = {Journal Article}
}

@article{RN1366,
   author = {Behnamian, Yashar and Mostafaei, Amir and Kohandehghan, Alireza and Amirkhiz, Babak Shalchi and Zahiri, Ramin and Zheng, Wenyue and Guzonas, David and Chmielus, Markus and Chen, Weixing and Luo, Jing Li},
   title = {A comparative study on the oxidation of austenitic alloys 304 and 304-oxide dispersion strengthened steel in supercritical water at 650 \celsius{}},
   journal = {The Journal of Supercritical Fluids},
   volume = {119},
   pages = {245-260},
   ISSN = {08968446},
   DOI = {10.1016/j.supflu.2016.10.002},
   year = {2017},
   type = {Journal Article}
}

@article{RN945,
   author = {Capdevila, C. and Miller, M. K. and Russell, K. F. and Chao, J. and González-Carrasco, J. L.},
   title = {Phase separation in {PM} 2000 {F}e-base {ODS} alloy: Experimental study at the atomic level},
   journal = {Materials Science and Engineering: A},
   volume = {490},
   number = {1-2},
   pages = {277-288},
   ISSN = {09215093},
   DOI = {10.1016/j.msea.2008.01.029},
   year = {2008},
   type = {Journal Article}
}

@article{RN946,
   author = {Capdevila, C. and Miller, M. K. and Toda, I. and Chao, J.},
   title = {Influence of the $\alpha$–$\alpha$ phase separation on the tensile properties of {F}e-base {ODS PM} 2000 alloy},
   journal = {Materials Science and Engineering: A},
   volume = {527},
   number = {29-30},
   pages = {7931-7938},
   ISSN = {09215093},
   DOI = {10.1016/j.msea.2010.08.083},
   year = {2010},
   type = {Journal Article}
}

@article{RN948,
   author = {Certain, A. and Kuchibhatla, S. and Shutthanandan, V. and Hoelzer, D. T. and Allen, T. R.},
   title = {Radiation stability of nanoclusters in nano-structured oxide dispersion strengthened ({ODS}) steels},
   journal = {Journal of Nuclear Materials},
   volume = {434},
   number = {1-3},
   pages = {311-321},
   ISSN = {00223115},
   DOI = {10.1016/j.jnucmat.2012.11.021},
   year = {2013},
   type = {Journal Article}
}


@article{RN947,
   author = {Certain, A. G. and Field, K. G. and Allen, T. R. and Miller, M. K. and Bentley, J. and Busby, J. T.},
   title = {Response of nanoclusters in a 9{C}r {ODS} steel to 1dpa, 525 \celsius{} proton irradiation},
   journal = {Journal of Nuclear Materials},
   volume = {407},
   number = {1},
   pages = {2-9},
   ISSN = {00223115},
   DOI = {10.1016/j.jnucmat.2010.07.002},
   year = {2010},
   type = {Journal Article}
}


@article{RN952,
   author = {Chauhan, Ankur and Litvinov, Dimitri and Aktaa, Jarir},
   title = {Deformation and damage mechanisms of a bimodal 12{C}r-{ODS} steel under high-temperature cyclic loading},
   journal = {International Journal of Fatigue},
   volume = {93},
   pages = {1-17},
   ISSN = {01421123},
   DOI = {10.1016/j.ijfatigue.2016.08.003},
   year = {2016},
   type = {Journal Article}
}


@article{RN953,
   author = {Chauhan, Ankur and Litvinov, Dimitri and Aktaa, Jarir},
   title = {High temperature tensile properties and fracture characteristics of bimodal 12{C}r-{ODS} steel},
   journal = {Journal of Nuclear Materials},
   volume = {468},
   pages = {1-8},
   ISSN = {00223115},
   DOI = {10.1016/j.jnucmat.2015.11.013},
   year = {2016},
   type = {Journal Article}
}


@article{RN602,
   author = {Chen, C. L. and Wang, P. and Tatlock, G. J.},
   title = {Phase transformations in yttrium –aluminium oxides in friction stir welded and recrystallised {PM}2000 alloys},
   journal = {Materials at High Temperatures},
   volume = {26},
   number = {3},
   pages = {299-303},
   ISSN = {0960-3409
1878-6413},
   DOI = {10.3184/096034009x465211},
   year = {2014},
   type = {Journal Article}
}


@article{RN954,
   author = {Chen, Tianyi and Aydogan, Eda and Gigax, Jonathan G. and Chen, Di and Wang, Jing and Wang, Xuemei and Ukai, S. and Garner, F. A. and Shao, Lin},
   title = {Microstructural changes and void swelling of a 12{C}r {ODS} ferritic-martensitic alloy after high-dpa self-ion irradiation},
   journal = {Journal of Nuclear Materials},
   volume = {467},
   pages = {42-49},
   ISSN = {00223115},
   DOI = {10.1016/j.jnucmat.2015.09.016},
   year = {2015},
   type = {Journal Article}
}

@article{RN346,
   author = {Dadé, M. and Malaplate, J. and Garnier, J. and De Geuser, F. and Barcelo, F. and Wident, P. and Deschamps, A.},
   title = {Influence of microstructural parameters on the mechanical properties of oxide dispersion strengthened {F}e-14{C}r steels},
   journal = {Acta Materialia},
   volume = {127},
   pages = {165-177},
   ISSN = {13596454},
   DOI = {10.1016/j.actamat.2017.01.026},
   year = {2017},
   type = {Journal Article}
}


@article{RN964,
   author = {Dadé, M. and Malaplate, J. and Garnier, J. and De Geuser, F. and Lochet, N. and Deschamps, A.},
   title = {Influence of consolidation methods on the recrystallization kinetics of a {F}e–14{C}r based {ODS} steel},
   journal = {Journal of Nuclear Materials},
   volume = {472},
   pages = {143-152},
   ISSN = {00223115},
   DOI = {10.1016/j.jnucmat.2016.01.019},
   year = {2016},
   type = {Journal Article}
}


@article{RN2616,
   author = {Dawson, Karl and Tatlock, Gordon J.},
   title = {Characterisation of nanosized oxides in {ODM}401 oxide dispersion strengthened steel},
   journal = {Journal of Nuclear Materials},
   volume = {444},
   number = {1-3},
   pages = {252-260},
   ISSN = {00223115},
   DOI = {10.1016/j.jnucmat.2013.10.003},
   year = {2014},
   type = {Journal Article}
}


@article{RN970,
   author = {de Castro, V. and Leguey, T. and Monge, M. A. and Muñoz, A. and Pareja, R. and Amador, D. R. and Torralba, J. M. and Victoria, M.},
   title = {Mechanical dispersion of {Y}\textsubscript{2}{O}\textsubscript{3} nanoparticles in steel {EUROFER} 97: process and optimisation},
   journal = {Journal of Nuclear Materials},
   volume = {322},
   number = {2-3},
   pages = {228-234},
   ISSN = {00223115},
   DOI = {10.1016/s0022-3115(03)00330-1},
   year = {2003},
   type = {Journal Article}
}

@article{RN25,
   author = {de Castro, V. and Leguey, T. and Muñoz, A. and Monge, M. A. and Fernández, P. and Lancha, A. M. and Pareja, R.},
   title = {Mechanical and microstructural behaviour of {Y}\textsubscript{2}{O}\textsubscript{3} {ODS} {EUROFER} 97},
   journal = {Journal of Nuclear Materials},
   volume = {367-370},
   pages = {196-201},
   ISSN = {00223115},
   DOI = {10.1016/j.jnucmat.2007.03.146},
   year = {2007},
   type = {Journal Article}
}

@article{RN1341,
   author = {Dubiel, B. and Osuch, W. and Wróbel, M. and Ennis, P.J. and Czyrska-Filemonowicz, A.},
   title = {Correlation of the Microstructure and the Tensile Deformation of {I}ncoloy {MA}956},
   journal = {Journal of Materials Processing Technology},
   volume = {53},
   pages = {121-130},
   year = {1995},
   type = {Journal Article}
}


@article{RN982,
   author = {Fournier, B. and Steckmeyer, A. and Rouffie, A. L. and Malaplate, J. and Garnier, J. and Ratti, M. and Wident, P. and Ziolek, L. and Tournie, I. and Rabeau, V. and Gentzbittel, J. M. and Kruml, T. and Kubena, I.},
   title = {Mechanical behaviour of ferritic {ODS} steels – Temperature dependancy and anisotropy},
   journal = {Journal of Nuclear Materials},
   volume = {430},
   number = {1-3},
   pages = {142-149},
   ISSN = {00223115},
   DOI = {10.1016/j.jnucmat.2012.05.048},
   year = {2012},
   type = {Journal Article}
}

@article{RN992,
   author = {Gao, R. and Zhang, T. and Wang, X. P. and Fang, Q. F. and Liu, C. S.},
   title = {Effect of zirconium addition on the microstructure and mechanical properties of {ODS} ferritic steels containing aluminum},
   journal = {Journal of Nuclear Materials},
   volume = {444},
   number = {1-3},
   pages = {462-468},
   ISSN = {00223115},
   DOI = {10.1016/j.jnucmat.2013.10.038},
   year = {2014},
   type = {Journal Article}
}


@article{RN228,
   author = {Gil, E. and Ordás, N. and García-Rosales, C. and Iturriza, I.},
   title = {Microstructural characterization of {ODS} ferritic steels at different processing stages},
   journal = {Fusion Engineering and Design},
   volume = {98-99},
   pages = {1973-1977},
   ISSN = {09203796},
   DOI = {10.1016/j.fusengdes.2015.06.010},
   year = {2015},
   type = {Journal Article}
}


@article{RN122,
   author = {Gräning, T. and Rieth, M. and Hoffmann, J. and Möslang, A.},
   title = {Production, microstructure and mechanical properties of two different austenitic {ODS} steels},
   journal = {Journal of Nuclear Materials},
   volume = {487},
   pages = {348-361},
   ISSN = {00223115},
   DOI = {10.1016/j.jnucmat.2017.02.034},
   year = {2017},
   type = {Journal Article}
}

@article{RN999,
   author = {Guo, Lina and Jia, Chengchang and Hu, Benfu and Li, Huiying},
   title = {Microstructure and mechanical properties of an oxide dispersion strengthened ferritic steel by a new fabrication route},
   journal = {Materials Science and Engineering: A},
   volume = {527},
   number = {20},
   pages = {5220-5224},
   ISSN = {09215093},
   DOI = {10.1016/j.msea.2010.04.084},
   year = {2010},
   type = {Journal Article}
}

@article{RN1006,
   author = {Hayashi, T. and Sarosi, P. M. and Schneibel, J. H. and Mills, M. J.},
   title = {Creep response and deformation processes in nanocluster-strengthened ferritic steels},
   journal = {Acta Materialia},
   volume = {56},
   number = {7},
   pages = {1407-1416},
   ISSN = {13596454},
   DOI = {10.1016/j.actamat.2007.11.038},
   year = {2008},
   type = {Journal Article}
}

@article{RN1008,
   author = {He, Jianchao and Wan, Farong and Sridharan, Kumar and Allen, Todd R. and Certain, A. and Shutthanandan, V. and Wu, Y. Q.},
   title = {Stability of nanoclusters in 14{YWT} oxide dispersion strengthened steel under heavy ion-irradiation by atom probe tomography},
   journal = {Journal of Nuclear Materials},
   volume = {455},
   number = {1-3},
   pages = {41-45},
   ISSN = {00223115},
   DOI = {10.1016/j.jnucmat.2014.03.024},
   year = {2014},
   type = {Journal Article}
}

@article{RN663,
   author = {Hilger, I. and Tegel, M. and Gorley, M. J. and Grant, P. S. and Weißgärber, T. and Kieback, B.},
   title = {The structural changes of {Y}\textsubscript{2}{O}\textsubscript{3} in ferritic {ODS} alloys during milling},
   journal = {Journal of Nuclear Materials},
   volume = {447},
   number = {1-3},
   pages = {242-247},
   ISSN = {00223115},
   DOI = {10.1016/j.jnucmat.2014.01.026},
   year = {2014},
   type = {Journal Article}
}

@article{RN2692,
   author = {Hirata, A. and Fujita, T. and Liu, C. T. and Chen, M. W.},
   title = {Characterization of oxide nanoprecipitates in an oxide dispersion strengthened 14{YWT} steel using aberration-corrected {STEM}},
   journal = {Acta Materialia},
   volume = {60},
   number = {16},
   pages = {5686-5696},
   ISSN = {13596454},
   DOI = {10.1016/j.actamat.2012.06.042},
   year = {2012},
   type = {Journal Article}
}

@article{RN1011,
   author = {Hoelzer, D. T. and Bentley, J. and Sokolov, M. A. and Miller, M. K. and Odette, G. R. and Alinger, M. J.},
   title = {Influence of particle dispersions on the high-temperature strength of ferritic alloys},
   journal = {Journal of Nuclear Materials},
   volume = {367-370},
   pages = {166-172},
   ISSN = {00223115},
   DOI = {10.1016/j.jnucmat.2007.03.151},
   year = {2007},
   type = {Journal Article}
}

@article{RN121,
   author = {Hoelzer, D. T. and Unocic, K. A. and Sokolov, M. A. and Byun, T. S.},
   title = {Influence of processing on the microstructure and mechanical properties of 1{4YWT}},
   journal = {Journal of Nuclear Materials},
   volume = {471},
   pages = {251-265},
   ISSN = {00223115},
   DOI = {10.1016/j.jnucmat.2015.12.011},
   year = {2016},
   type = {Journal Article}
}

@techreport{RN1033,
   author = {Kad, Bimal K. and Heatherington, James H. and McKamey, Claudette and Wright, Ian and Sikka, Vinod and Judkins, Rod},
   title = {Optimization of High Temperature Hoop Creep Response in {ODS}-{F}e\textsubscript{3}{A}l Tubes},
   type = {Report}
}

@article{RN28,
   author = {Kasada, R. and Toda, N. and Yutani, K. and Cho, H. S. and Kishimoto, H. and Kimura, A.},
   title = {Pre- and post-deformation microstructures of oxide dispersion strengthened ferritic steels},
   journal = {Journal of Nuclear Materials},
   volume = {367-370},
   pages = {222-228},
   ISSN = {00223115},
   DOI = {10.1016/j.jnucmat.2007.03.141},
   year = {2007},
   type = {Journal Article}
}

@article{RN1040,
   author = {Kim, Jeoung Han and Byun, Thak Sang and Hoelzer, David T. and Kim, Seong-Woong and Lee, Bong Ho},
   title = {Temperature dependence of strengthening mechanisms in the nanostructured ferritic alloy 14{YWT}: Part I—Mechanical and microstructural observations},
   journal = {Materials Science and Engineering: A},
   volume = {559},
   pages = {101-110},
   ISSN = {09215093},
   DOI = {10.1016/j.msea.2012.08.042},
   year = {2013},
   type = {Journal Article}
}

@article{RN1030,
   author = {Kim, Jeoung Han and Kim, Kyong Min and Byun, Thak Sang and Lee, Dong Won and Park, Chan Hee},
   title = {High-temperature oxidation behavior of nano-structured ferritic oxide dispersion-strengthened alloys},
   journal = {Thermochimica Acta},
   volume = {579},
   pages = {1-8},
   ISSN = {00406031},
   DOI = {10.1016/j.tca.2014.01.010},
   year = {2014},
   type = {Journal Article}
}

@article{RN1039,
   author = {Kim, Sawoong and Ohtsuka, Satoshi and Kaito, Takeji and Yamashita, Shinichiro and Inoue, Masaki and Asayama, Tai and Shobu, Takahisa},
   title = {Formation of nano-size oxide particles and $\delta$-ferrite at elevated temperature in 9{C}r-{ODS} steel},
   journal = {Journal of Nuclear Materials},
   volume = {417},
   number = {1-3},
   pages = {209-212},
   ISSN = {00223115},
   DOI = {10.1016/j.jnucmat.2011.01.063},
   year = {2011},
   type = {Journal Article}
}

@article{RN527,
   author = {Kimura, Akihiko and Cho, Han-Sik and Toda, Naoki and Kasada, Ryuta and Yutani, Kentaro and Kishimoto, Hirotatsu and Iwata, Noriyuki and Ukai, Shigeharu and Fujiwara, Masayuki},
   title = {High Burnup Fuel Cladding Materials {R}$\&${D} for Advanced Nuclear Systems},
   journal = {Journal of Nuclear Science and Technology},
   volume = {44},
   number = {3},
   pages = {323-328},
   ISSN = {0022-3131
1881-1248},
   DOI = {10.1080/18811248.2007.9711289},
   year = {2007},
   type = {Journal Article}
}

@article{RN1046,
   author = {Klimenkov, M. and Lindau, R. and Möslang, A.},
   title = {New insights into the structure of {ODS} particles in the {ODS}-{Eurofer} alloy},
   journal = {Journal of Nuclear Materials},
   volume = {386-388},
   pages = {553-556},
   ISSN = {00223115},
   DOI = {10.1016/j.jnucmat.2008.12.174},
   year = {2009},
   type = {Journal Article}
}

@article{RN1047,
   author = {Klimiankou, M. and Lindau, R. and Möslang, A.},
   title = {{HRTEM} study of yttrium oxide particles in {ODS} steels for fusion reactor application},
   journal = {Journal of Crystal Growth},
   volume = {249},
   number = {1-2},
   pages = {381-387},
   ISSN = {00220248},
   DOI = {10.1016/S0022-0248(02)02134-6},
   year = {2003},
   type = {Journal Article}
}

@article{RN105,
   author = {Klueh, R. L. and Shingledecker, J. P. and Swindeman, R. W. and Hoelzer, D. T.},
   title = {Oxide dispersion-strengthened steels: A comparison of some commercial and experimental alloys},
   journal = {Journal of Nuclear Materials},
   volume = {341},
   number = {2-3},
   pages = {103-114},
   ISSN = {00223115},
   DOI = {10.1016/j.jnucmat.2005.01.017},
   year = {2005},
   type = {Journal Article}
}

@article{RN1060,
   author = {Larson, D. J. and Maziasz, P. J. and Kim, I., -S. and Miyahara, K.},
   title = {Three-Dimensional Atom Probe Observation of Nanoscale Titanium-Oxygen Clustering in an Oxide-Dispersion-Strengthened {F}e-12{C}r-3{W}-0.4{T}i + {Y}\textsubscript{2}{O}\textsubscript{3} Ferritic Alloys},
   journal = {Scripta Materialia},
   volume = {44},
   pages = {359-364},
   year = {2001},
   type = {Journal Article}
}

@article{RN37,
   author = {Legendre, F. and Poissonnet, S. and Bonnaillie, P. and Boulanger, L. and Forest, L.},
   title = {Some microstructural characterisations in a friction stir welded oxide dispersion strengthened ferritic steel alloy},
   journal = {Journal of Nuclear Materials},
   volume = {386-388},
   pages = {537-539},
   ISSN = {00223115},
   DOI = {10.1016/j.jnucmat.2008.12.170},
   year = {2009},
   type = {Journal Article}
}

@article{RN1066,
   author = {Li, Ming and Zhou, Zhangjian and He, Pei and Liao, Lu and Xu, Yingli and Ge, Changchun},
   title = {Microstructure and mechanical property of 12{C}r oxide dispersion strengthened ferritic steel for fusion application},
   journal = {Fusion Engineering and Design},
   volume = {85},
   number = {7-9},
   pages = {1573-1576},
   ISSN = {09203796},
   DOI = {10.1016/j.fusengdes.2010.04.045},
   year = {2010},
   type = {Journal Article}
}

@article{RN1364,
   author = {Li, S. F. and Zhou, Z. J. and Zhang, L. F. and Zhang, L. W. and Hu, H. L. and Wang, M. and Zhang, G. M.},
   title = {Corrosion behavior of a 304-oxide dispersion strengthened austenitic stainless steel in supercritical water},
   journal = {Materials and Corrosion},
   volume = {67},
   number = {3},
   pages = {264-270},
   ISSN = {09475117},
   DOI = {10.1002/maco.201508359},
   year = {2016},
   type = {Journal Article}
}

@article{RN1073,
   author = {Liu, S. and Odette, G. R. and Segre, C. U.},
   title = {Evidence for core–shell nanoclusters in oxygen dispersion strengthened steels measured using X-ray absorption spectroscopy},
   journal = {Journal of Nuclear Materials},
   volume = {445},
   number = {1-3},
   pages = {50-56},
   ISSN = {00223115},
   DOI = {10.1016/j.jnucmat.2013.10.042},
   year = {2014},
   type = {Journal Article}
}

@article{RN1078,
   author = {Lucon, E.},
   title = {Mechanical tests on two batches of oxide dispersion strengthened {RAFM} steel ({EUROFER}97)},
   journal = {Fusion Engineering and Design},
   volume = {61-62},
   pages = {683-689},
   year = {2002},
   type = {Journal Article}
}

@article{RN1080,
   author = {Mao, Xiaodong and Kim, Tae Kyu and Kim, Sung Soo and Oh, Kyu Hwan and Jang, Jinsung},
   title = {Thermal stability of oxide particles in 12{C}r {ODS} steel},
   journal = {Journal of Nuclear Materials},
   volume = {428},
   number = {1-3},
   pages = {82-89},
   ISSN = {00223115},
   DOI = {10.1016/j.jnucmat.2011.09.011},
   year = {2012},
   type = {Journal Article}
}

@article{RN2637,
   author = {Marquis, Emmanuelle A.},
   title = {Core/shell structures of oxygen-rich nanofeatures in oxide-dispersion strengthened {Fe–Cr} alloys},
   journal = {Applied Physics Letters},
   volume = {93},
   number = {18},
   ISSN = {0003-6951
1077-3118},
   DOI = {10.1063/1.3000965},
   year = {2008},
   type = {Journal Article}
}

@article{RN1269,
   author = {Mazumder, B. and Yu, X. and Edmondson, P. D. and Parish, C. M. and Miller, M. K. and Meyer, H. M. and Feng, Z.},
   title = {Effect of friction stir welding and post-weld heat treatment on a nanostructured ferritic alloy},
   journal = {Journal of Nuclear Materials},
   volume = {469},
   pages = {200-208},
   ISSN = {00223115},
   DOI = {10.1016/j.jnucmat.2015.11.061},
   year = {2016},
   type = {Journal Article}
}

@article{RN1087,
   author = {McClintock, D. A. and Sokolov, M. A. and Hoelzer, D. T. and Nanstad, R. K.},
   title = {Mechanical properties of irradiated {ODS-EUROFER} and nanocluster strengthened 14{YWT}},
   journal = {Journal of Nuclear Materials},
   volume = {392},
   number = {2},
   pages = {353-359},
   ISSN = {00223115},
   DOI = {10.1016/j.jnucmat.2009.03.024},
   year = {2009},
   type = {Journal Article}
}

@article{RN1089,
   author = {Menut, Denis and Béchade, Jean-Luc and Cammelli, Sebastiano and Schlutig, Sandrine and Sitaud, Bruno and Solari, Pier Lorenzo},
   title = {Synchrotron radiation investigations of microstructural evolutions of {ODS} steels and {Z}r-based alloys irradiated in nuclear reactors},
   journal = {Journal of Materials Research},
   volume = {30},
   number = {9},
   pages = {1392-1402},
   ISSN = {0884-2914
2044-5326},
   DOI = {10.1557/jmr.2015.74},
   year = {2015},
   type = {Journal Article}
}

@article{RN1099,
   author = {Miao, P. and Odette, G. R. and Yamamoto, T. and Alinger, M. and Klingensmith, D.},
   title = {Thermal stability of nano-structured ferritic alloy},
   journal = {Journal of Nuclear Materials},
   volume = {377},
   number = {1},
   pages = {59-64},
   ISSN = {00223115},
   DOI = {10.1016/j.jnucmat.2008.02.042},
   year = {2008},
   type = {Journal Article}
}

@article{RN259,
   author = {Miao, Yinbin and Mo, Kun and Zhou, Zhangjian and Liu, Xiang and Lan, Kuan-Che and Zhang, Guangming and Miller, Michael K. and Powers, Kathy A. and Almer, Jonathan and Stubbins, James F.},
   title = {In situ synchrotron tensile investigations on the phase responses within an oxide dispersion-strengthened ({ODS}) 304 steel},
   journal = {Materials Science and Engineering: A},
   volume = {625},
   pages = {146-152},
   ISSN = {09215093},
   DOI = {10.1016/j.msea.2014.12.017},
   year = {2015},
   type = {Journal Article}
}

@article{RN1098,
   author = {Miao, Yinbin and Mo, Kun and Zhou, Zhangjian and Liu, Xiang and Lan, Kuan-Che and Zhang, Guangming and Miller, Michael K. and Powers, Kathy A. and Stubbins, James F.},
   title = {Size-dependent characteristics of ultra-fine oxygen-enriched nanoparticles in austenitic steels},
   journal = {Journal of Nuclear Materials},
   volume = {480},
   pages = {195-201},
   ISSN = {00223115},
   DOI = {10.1016/j.jnucmat.2016.08.014},
   year = {2016},
   type = {Journal Article}
}

@article{RN201,
   author = {Miao, Yinbin and Mo, Kun and Zhou, Zhangjian and Liu, Xiang and Lan, Kuan-Che and Zhang, Guangming and Park, Jun-Sang and Almer, Jonathan and Stubbins, James F.},
   title = {Load-partitioning in an oxide dispersion-strengthened 310 steel at elevated temperatures},
   journal = {Materials & Design},
   volume = {111},
   pages = {622-630},
   ISSN = {02641275},
   DOI = {10.1016/j.matdes.2016.09.015},
   year = {2016},
   type = {Journal Article}
}

@article{RN99,
   author = {Miller, M. K. and Hoelzer, D. T. and Kenik, E. A. and Russell, K. F.},
   title = {Nanometer scale precipitation in ferritic {MA/ODS} alloy {MA}957},
   journal = {Journal of Nuclear Materials},
   volume = {329-333},
   pages = {338-341},
   ISSN = {00223115},
   DOI = {10.1016/j.jnucmat.2004.04.085},
   year = {2004},
   type = {Journal Article}
}

@article{RN572,
   author = {Mo, K. and Yun, D. and Miao, Y. and Liu, X. and Pellin, M. and Almer, J. and Park, J. S. and Stubbins, J. F. and Zhu, S. and Yacout, A. M.},
   title = {Investigation of High-Energy Ion-Irradiated {MA}957 Using Synchrotron Radiation under In-Situ Tension},
   journal = {Materials (Basel)},
   volume = {9},
   number = {1},
   ISSN = {1996-1944 (Print)
1996-1944 (Linking)},
   DOI = {10.3390/ma9010015},
   url = {https://www.ncbi.nlm.nih.gov/pubmed/28787819},
   year = {2016},
   type = {Journal Article}
}

@article{RN1109,
   author = {Monnet, I. and Dubuisson, P. and Serruys, Y. and Ruault, M. O. and Kaı¨tasov, O. and Jouffrey, B.},
   title = {Microstructural investigation of the stability under irradiation of oxide dispersion strengthened ferritic steels},
   journal = {Journal of Nuclear Materials},
   volume = {335},
   number = {3},
   pages = {311-321},
   ISSN = {00223115},
   DOI = {10.1016/j.jnucmat.2004.05.018},
   year = {2004},
   type = {Journal Article}
}

@article{RN917,
   author = {Odette, G. R. and Alinger, M. J. and Wirth, B. D.},
   title = {Recent Developments in Irradiation-Resistant Steels},
   journal = {Annual Review of Materials Research},
   volume = {38},
   number = {1},
   pages = {471-503},
   ISSN = {1531-7331
1545-4118},
   DOI = {10.1146/annurev.matsci.38.060407.130315},
   year = {2008},
   type = {Journal Article}
}

@article{RN42,
   author = {Oka, H. and Watanabe, M. and Kinoshita, H. and Shibayama, T. and Hashimoto, N. and Ohnuki, S. and Yamashita, S. and Ohtsuka, S.},
   title = {In situ observation of damage structure in {ODS} austenitic steel during electron irradiation},
   journal = {Journal of Nuclear Materials},
   volume = {417},
   number = {1-3},
   pages = {279-282},
   ISSN = {00223115},
   DOI = {10.1016/j.jnucmat.2010.12.156},
   year = {2011},
   type = {Journal Article}
}

@article{RN596,
   author = {Oksiuta, Z. and Boehm-Courjault, E. and Baluc, N.},
   title = {Relation between microstructure and Charpy impact properties of an elemental and pre-alloyed 14{C}r {ODS} ferritic steel powder after hot isostatic pressing},
   journal = {Journal of Materials Science},
   volume = {45},
   number = {14},
   pages = {3921-3930},
   ISSN = {0022-2461
1573-4803},
   DOI = {10.1007/s10853-010-4457-9},
   year = {2010},
   type = {Journal Article}
}

@article{RN161,
   author = {Oksiuta, Z. and Lewandowska, M. and Kurzydłowski, K. J.},
   title = {Mechanical properties and thermal stability of nanostructured {ODS RAF} steels},
   journal = {Mechanics of Materials},
   volume = {67},
   pages = {15-24},
   ISSN = {01676636},
   DOI = {10.1016/j.mechmat.2013.07.006},
   year = {2013},
   type = {Journal Article}
}

@article{RN1365,
   author = {Oksiuta, Zbigniew and Och, Ewa},
   title = {Corrosion resistance of mechanically alloyed 14$\%${C}r {ODS} ferritic steel},
   journal = {Acta Mechanica et Automatica},
   volume = {7},
   number = {1},
   pages = {38-41},
   ISSN = {2300-5319},
   DOI = {10.2478/ama-2013-0007},
   year = {2013},
   type = {Journal Article}
}

@article{RN1126,
   author = {Pareige, P. and Miller, M. K. and Stoller, R. E. and Hoelzer, D. T. and Cadel, E. and Radiguet, B.},
   title = {Stability of nanometer-sized oxide clusters in mechanically-alloyed steel under ion-induced displacement cascade damage conditions},
   journal = {Journal of Nuclear Materials},
   volume = {360},
   number = {2},
   pages = {136-142},
   ISSN = {00223115},
   DOI = {10.1016/j.jnucmat.2006.09.011},
   year = {2007},
   type = {Journal Article}
}

@article{RN51,
   author = {Praud, M. and Mompiou, F. and Malaplate, J. and Caillard, D. and Garnier, J. and Steckmeyer, A. and Fournier, B.},
   title = {Study of the deformation mechanisms in a {F}e–14$\%$ {C}r {ODS} alloy},
   journal = {Journal of Nuclear Materials},
   volume = {428},
   number = {1-3},
   pages = {90-97},
   ISSN = {00223115},
   DOI = {10.1016/j.jnucmat.2011.10.046},
   year = {2012},
   type = {Journal Article}
}

@article{RN294,
   author = {Rahmanifard, Roohollah and Farhangi, Hasan and Novinrooz, Abdul Javad},
   title = {Development of mechanical performance of 12{YWT} steel nanocomposite by addition of zirconium and tantalum},
   journal = {Journal of Alloys and Compounds},
   volume = {657},
   pages = {646-654},
   ISSN = {09258388},
   DOI = {10.1016/j.jallcom.2015.10.161},
   year = {2016},
   type = {Journal Article}
}

@article{RN2664,
   author = {Raman, Lavanya and Gothandapani, Karthick and Murty, B. S.},
   title = {Austenitic Oxide Dispersion Strengthened Steels: A Review},
   journal = {Defence Science Journal},
   volume = {66},
   number = {4},
   ISSN = {0976464X
0011748X},
   DOI = {10.14429/dsj.66.10205},
   year = {2016},
   type = {Journal Article}
}

@article{RN1154,
   author = {Sakasegawa, H. and Ohtsuka, S. and Ukai, S. and Tanigawa, H. and Fujiwara, M. and Ogiwara, H. and Kohyama, A.},
   title = {Particle size effects in mechanically alloyed 9{C}r {ODS} steel powder},
   journal = {Journal of Nuclear Materials},
   volume = {367-370},
   pages = {185-190},
   ISSN = {00223115},
   DOI = {10.1016/j.jnucmat.2007.03.148},
   year = {2007},
   type = {Journal Article}
}

@article{RN333,
   author = {Schneibel, J. H. and Heilmaier, M. and Blum, W. and Hasemann, G. and Shanmugasundaram, T.},
   title = {Temperature dependence of the strength of fine- and ultrafine-grained materials},
   journal = {Acta Materialia},
   volume = {59},
   number = {3},
   pages = {1300-1308},
   ISSN = {13596454},
   DOI = {10.1016/j.actamat.2010.10.062},
   year = {2011},
   type = {Journal Article}
}

@article{RN101,
   author = {Seki, M. and Hirako, K. and Kono, S. and Kihara, Y. and Kaito, T. and Ukai, S.},
   title = {Pressurized resistance welding technology development in 9{C}r-{ODS} martensitic steels},
   journal = {Journal of Nuclear Materials},
   volume = {329-333},
   pages = {1534-1538},
   ISSN = {00223115},
   DOI = {10.1016/j.jnucmat.2004.04.172},
   year = {2004},
   type = {Journal Article}
}

@article{RN27,
   author = {Sokolov, M. A. and Hoelzer, D. T. and Stoller, R. E. and McClintock, D. A.},
   title = {Fracture toughness and tensile properties of nano-structured ferritic steel 12{YWT}},
   journal = {Journal of Nuclear Materials},
   volume = {367-370},
   pages = {213-216},
   ISSN = {00223115},
   DOI = {10.1016/j.jnucmat.2007.03.143},
   year = {2007},
   type = {Journal Article}
}

@article{RN40,
   author = {Steckmeyer, A. and Praud, M. and Fournier, B. and Malaplate, J. and Garnier, J. and Béchade, J. L. and Tournié, I. and Tancray, A. and Bougault, A. and Bonnaillie, P.},
   title = {Tensile properties and deformation mechanisms of a 14{C}r {ODS} ferritic steel},
   journal = {Journal of Nuclear Materials},
   volume = {405},
   number = {2},
   pages = {95-100},
   ISSN = {00223115},
   DOI = {10.1016/j.jnucmat.2010.07.027},
   year = {2010},
   type = {Journal Article}
}

@article{RN1175,
   author = {Suresh, Koppoju and Nagini, M. and Vijay, R. and Ramakrishna, M. and Gundakaram, Ravi C. and Reddy, A. V. and Sundararajan, G.},
   title = {Microstructural studies of oxide dispersion strengthened austenitic steels},
   journal = {Materials & Design},
   volume = {110},
   pages = {519-525},
   ISSN = {02641275},
   DOI = {10.1016/j.matdes.2016.08.020},
   year = {2016},
   type = {Journal Article}
}


@article{RN102,
   author = {Toloczko, M. B. and Gelles, D. S. and Garner, F. A. and Kurtz, R. J. and Abe, K.},
   title = {Irradiation creep and swelling from 400 to 600 \celsius{} of the oxide dispersion strengthened ferritic alloy {MA}957},
   journal = {Journal of Nuclear Materials},
   volume = {329-333},
   pages = {352-355},
   ISSN = {00223115},
   DOI = {10.1016/j.jnucmat.2004.04.296},
   year = {2004},
   type = {Journal Article}
}

@article{RN1184,
   author = {Toualbi, L. and Ratti, M. and André, G. and Onimus, F. and de Carlan, Y.},
   title = {Use of neutron and X-ray diffraction to study the precipitation mechanisms of oxides in {ODS} materials},
   journal = {Journal of Nuclear Materials},
   volume = {417},
   number = {1-3},
   pages = {225-228},
   ISSN = {00223115},
   DOI = {10.1016/j.jnucmat.2010.12.071},
   year = {2011},
   type = {Journal Article}
}

@article{RN1187,
   author = {Ukai, S. and Harada, H. and Okada, H. and Inoue, M. and Nomura, S. and Shikakura, S. and Nishida, T. and Fujiwara, M. and Asabe, K.},
   title = {Tube manufacturing and mechanical properties of oxide dispersion strengthened ferritic steel},
   journal = {Journal of Nuclear Materials},
   volume = {204},
   pages = {74-80},
   year = {1993},
   type = {Journal Article}
}

@article{RN3473,
   author = {Ukai, S. and Ohtsuka, S.},
   title = {Low cycle fatigue properties of {ODS} ferritic–martensitic steels at high temperature},
   journal = {Journal of Nuclear Materials},
   volume = {367-370},
   pages = {234-238},
   ISSN = {00223115},
   DOI = {10.1016/j.jnucmat.2007.03.020},
   year = {2007},
   type = {Journal Article}
}

@article{RN1382,
   author = {Ukai, Shigeharu and Okuda, Takanari and Fujiwara, Masayuki and Kobayashi, Toshimi and Mizuta, Syunji and Nakashima, Hideharu},
   title = {Characterization of High Temperature Creep Properties in Recrystallized 12{C}r-{ODS} Ferritic Steel Claddings},
   journal = {Journal of Nuclear Science and Technology},
   volume = {39},
   number = {8},
   pages = {872-879},
   ISSN = {0022-3131
1881-1248},
   DOI = {10.1080/18811248.2002.9715271},
   year = {2002},
   type = {Journal Article}
}

@article{RN109,
   author = {Wang, Jiye and Yuan, Wei and Mishra, Rajiv S. and Charit, Indrajit},
   title = {Microstructure and mechanical properties of friction stir welded oxide dispersion strengthened alloy},
   journal = {Journal of Nuclear Materials},
   volume = {432},
   number = {1-3},
   pages = {274-280},
   ISSN = {00223115},
   DOI = {10.1016/j.jnucmat.2012.08.001},
   year = {2013},
   type = {Journal Article}
}

@article{RN136,
   author = {Wang, Man and Sun, Hongying and Zou, Lei and Zhang, Guangming and Li, Shaofu and Zhou, Zhangjian},
   title = {Structural evolution of oxide dispersion strengthened austenitic powders during mechanical alloying and subsequent consolidation},
   journal = {Powder Technology},
   volume = {272},
   pages = {309-315},
   ISSN = {00325910},
   DOI = {10.1016/j.powtec.2014.12.008},
   year = {2015},
   type = {Journal Article}
}

@article{RN108,
   author = {Wang, Man and Zhou, Zhangjian and Sun, Hongying and Hu, Helong and Li, Shaofu},
   title = {Effects of plastic deformations on microstructure and mechanical properties of {ODS}-310 austenitic steel},
   journal = {Journal of Nuclear Materials},
   volume = {430},
   number = {1-3},
   pages = {259-263},
   ISSN = {00223115},
   DOI = {10.1016/j.jnucmat.2012.07.014},
   year = {2012},
   type = {Journal Article}
}

@article{RN248,
   author = {Wang, Man and Zhou, Zhangjian and Sun, Hongying and Hu, Helong and Li, Shaofu},
   title = {Microstructural observation and tensile properties of {ODS}-304 austenitic steel},
   journal = {Materials Science and Engineering: A},
   volume = {559},
   pages = {287-292},
   ISSN = {09215093},
   DOI = {10.1016/j.msea.2012.08.099},
   year = {2013},
   type = {Journal Article}
}

@article{RN39,
   author = {Williams, Ceri A. and Marquis, Emmanuelle A. and Cerezo, Alfred and Smith, George D. W.},
   title = {Nanoscale characterisation of {ODS}–{E}urofer 97 steel: An atom-probe tomography study},
   journal = {Journal of Nuclear Materials},
   volume = {400},
   number = {1},
   pages = {37-45},
   ISSN = {00223115},
   DOI = {10.1016/j.jnucmat.2010.02.007},
   year = {2010},
   type = {Journal Article}
}

@article{RN1196,
   author = {Williams, C. A. and Smith, G. D. and Marquis, E. A.},
   title = {Quantifying the composition of yttrium and oxygen rich nanoparticles in oxide dispersion strengthened steels},
   journal = {Ultramicroscopy},
   volume = {125},
   pages = {10-7},
   ISSN = {1879-2723 (Electronic)
0304-3991 (Linking)},
   DOI = {10.1016/j.ultramic.2012.10.003},
   url = {https://www.ncbi.nlm.nih.gov/pubmed/23262147},
   year = {2013},
   type = {Journal Article}
}

@article{RN1197,
   author = {Wu, Y. and Haney, E. M. and Cunningham, N. J. and Odette, G. R.},
   title = {Transmission electron microscopy characterization of the nanofeatures in nanostructured ferritic alloy {MA}957},
   journal = {Acta Materialia},
   volume = {60},
   number = {8},
   pages = {3456-3468},
   ISSN = {13596454},
   DOI = {10.1016/j.actamat.2012.03.012},
   year = {2012},
   type = {Journal Article}
}

@article{RN120,
   author = {Xu, Weizong and Li, Lulu and Valdez, James A. and Saber, Mostafa and Zhu, Yuntian and Koch, Carl C. and Scattergood, Ronald O.},
   title = {Effect of nano-oxide particle size on radiation resistance of iron–chromium alloys},
   journal = {Journal of Nuclear Materials},
   volume = {469},
   pages = {72-81},
   ISSN = {00223115},
   DOI = {10.1016/j.jnucmat.2015.11.044},
   year = {2016},
   type = {Journal Article}
}

@article{RN115,
   author = {Xu, W. Z. and Li, L. L. and Saber, M. and Koch, C. C. and Zhu, Y. T. and Scattergood, R. O.},
   title = {Nano {Z}r{O}\textsibscript{2} particles in nanocrystalline {F}e–14{C}r–1.5{Z}r alloy powders},
   journal = {Journal of Nuclear Materials},
   volume = {452},
   number = {1-3},
   pages = {434-439},
   ISSN = {00223115},
   DOI = {10.1016/j.jnucmat.2014.05.067},
   year = {2014},
   type = {Journal Article}
}

@article{RN1203,
   author = {Yamashita, S. and Akasaka, N. and Ohnuki, S.},
   title = {Nano-oxide particle stability of 9–12{C}r grain morphology modified {ODS} steels under neutron irradiation},
   journal = {Journal of Nuclear Materials},
   volume = {329-333},
   pages = {377-381},
   ISSN = {00223115},
   DOI = {10.1016/j.jnucmat.2004.04.041},
   year = {2004},
   type = {Journal Article}
}

@article{RN26,
   author = {Yamashita, S. and Akasaka, N. and Ukai, S. and Ohnuki, S.},
   title = {Microstructural development of a heavily neutron-irradiated {ODS} ferritic steel ({MA}957) at elevated temperature},
   journal = {Journal of Nuclear Materials},
   volume = {367-370},
   pages = {202-207},
   ISSN = {00223115},
   DOI = {10.1016/j.jnucmat.2007.03.145},
   year = {2007},
   type = {Journal Article}
}

@article{RN116,
   author = {Zhang, He Ken and Yao, Zhongwen and Zhou, Zhangjian and Wang, Man and Kaitasov, Odile and Daymond, Mark R.},
   title = {Radiation induced microstructures in ODS 316 austenitic steel under dual-beam ions},
   journal = {Journal of Nuclear Materials},
   volume = {455},
   number = {1-3},
   pages = {242-247},
   ISSN = {00223115},
   DOI = {10.1016/j.jnucmat.2014.06.024},
   year = {2014},
   type = {Journal Article}
}


@article{RN1199,
   author = {Xie, Rui and Lu, Zheng and Lu, Chenyang and Liu, Chunming},
   title = {Effects of mechanical alloying time on microstructure and properties of 9{C}r–{ODS} steels},
   journal = {Journal of Nuclear Materials},
   volume = {455},
   number = {1-3},
   pages = {554-560},
   ISSN = {00223115},
   DOI = {10.1016/j.jnucmat.2014.08.042},
   year = {2014},
   type = {Journal Article}
}

@article{RN111,
   author = {Wang, Jiye and Yuan, Wei and Mishra, Rajiv S. and Charit, Indrajit},
   title = {Microstructural evolution and mechanical properties of friction stir welded {ODS} alloy {MA}754},
   journal = {Journal of Nuclear Materials},
   volume = {442},
   number = {1-3},
   pages = {1-6},
   ISSN = {00223115},
   DOI = {10.1016/j.jnucmat.2013.08.012},
   year = {2013},
   type = {Journal Article}
}
